2064 2973
234 117 243 144 1
256 115 291 144 12
989 108 1096 134 AVITI

231 208 311 239 tinet
334 211 365 238 ct
388 206 526 247 corporis
550 208 640 236 actus
656 207 715 235 est.
756 204 847 234 Petat
871 212 946 243 ergo
969 203 1110 241 seientia⁷
1139 206 1271 243 quaerat
1287 211 1384 234 amor.
1411 202 1517 242 pulset
1532 201 1684 243 operatio.
1711 202 1850 233 maxime

232 260 264 291 in
288 257 507 289 observatione
525 255 693 296 praesenti.
736 254 908 285 Festivitas
925 254 1081 294 siquidem
1100 257 1157 285 est.
1185 253 1274 284 euius
1297 252 1479 284 iucunditas
1502 256 1568 284 tota
1592 254 1660 284 sola
1683 253 1847 286 sobrietas.

233 311 322 341 cuius
346 309 460 349 epulae
483 307 645 345 lacrimae,
673 306 763 336 cuius
786 309 897 346 pastus
921 305 1042 336 esuries
1066 308 1130 336 est:
1159 304 1248 335 cuius
1271 304 1460 344 principium
1484 314 1523 335 ex
1546 305 1746 344 necessitate⁷
1778 316 1852 346 per—

234 360 415 393 severantia
438 359 469 390 in
494 358 672 389 dilectione.
700 360 790 388 actus
814 356 846 387 in
869 357 996 397 requie.
1027 356 1153 396 requies
1176 356 1208 386 in
1232 356 1356 386 labore:
1385 365 1454 386 cum
1478 359 1543 387 tota
1566 356 1628 387 ista
1651 357 1853 388 observantia

234 412 391 443 confessio
414 409 597 451 paenitendi
621 418 676 450 pro
700 408 795 448 eulpa
819 408 860 439 sit
883 412 914 439 et
936 407 1069 448 rogandi
1092 418 1148 448 pro
1171 407 1275 438 venia,
1324 406 1428 437 Etiam
1453 416 1527 437 vero
1548 408 1736 447 evangeliea
1760 418 1854 449 prae-
1874 417 1886 433 ⁵

235 474 308 494 sens
332 462 425 493 lectio
449 461 617 492 utilitatem
642 459 883 500 supplicationis
907 459 1064 500 exposuit.
1091 459 1166 490 dum
1189 459 1222 489 in
1245 458 1318 489 navi
1336 458 1496 489 dominum
1514 458 1721 490 dormientem
1740 459 1854 490 chorus

235 514 461 554 discipulorum
496 513 554 543 sul)
585 510 785 552 tempestatis
816 510 948 551 strepitu
978 510 1120 550 trepidus
1151 510 1328 541 suscita-ret.
1376 509 1488 549 Neque
1516 519 1608 550 porro
1631 510 1720 541 aliud
1743 510 1802 542 fuit
1823 510 1855 541 in

237 569 324 597 tanto
355 563 599 605 repugnantium
632 562 692 593 sibi
723 562 859 593 invicem
889 566 1053 593 ventorum
1084 561 1297 600 fluctuumque
1328 560 1473 592 conflictu
1504 561 1640 601 sopitum
1670 561 1858 602 profundius

238 616 398 647 dominum
422 619 563 646 nostrum
586 613 730 644 interrita
753 613 858 653 quiete
882 613 1029 644 iacuisse.
1057 612 1118 643 nisi
1142 616 1175 644 111
1198 612 1328 647 adeum
1351 611 1433 643 inter
1448 611 1642 644 discrimina.
1669 622 1750 652 quae
1773 613 1858 654 pati—

238 678 316 698 mur.
344 666 463 697 timoris
487 665 584 696 nostri
608 675 705 696 causa
729 664 925 705 confugeret.
971 663 1115 695 Adsiduo
1132 673 1188 694 nos
1205 663 1267 694 ictu
1284 667 1458 704 tempestas
1481 663 1542 694 ista
1566 663 1691 704 fatigat.
1718 664 1857 705 impulsu

239 718 370 751 terribili
396 721 504 749 contra
528 727 584 747 nos
608 717 742 747 tonitrus
767 716 886 747 saeculi
912 716 1038 747 clamat.
1069 715 1316 746 scintillantibus
1338 714 1379 745 ad
1403 718 1552 755 punctum
1576 715 1674 746 radiis
1699 715 1859 747 mundana

242 769 405 801 commotio
422 779 483 799 non
500 767 670 801 illuminat.
698 767 756 798 sed
772 770 924 798 coruscat.
959 766 1104 798 Ecclesia
1121 769 1169 797 est
1184 766 1286 798 navis
1314 776 1395 806 quae
1412 776 1469 797 nos
1493 776 1560 807 per
1584 766 1720 798 varios
1744 777 1859 798 casus

241 822 328 853 velut
358 821 440 851 inter
469 819 609 850 marinos
640 818 782 859 gurgites
813 818 908 849 ducit.
957 818 1060 849 Aures
1091 817 1217 857 quidem
1249 820 1373 848 nostras
1403 817 1682 849 obtrectationibus
1714 822 1745 850 et
1773 819 1860 850 blas-

242 872 438 914 phemiarum
455 870 589 902 stridore
605 870 695 910 quasi
713 870 853 900 laxata
870 870 1044 900 laterum
1062 879 1196 909 compa
1206 878 1253 908 ge
1276 869 1471 900 reverberat:
1500 869 1557 900 sed
1574 869 1704 910 puppim
1720 870 1862 901 veritatis

243 924 403 955 soliditate
428 926 641 953 constructam
665 925 833 962 penetrare
858 931 918 951 non
942 924 1065 962 potest.
1103 919 1187 960 quod
1210 920 1335 960 fatigat.
1384 920 1422 950 Et
1445 920 1518 960 quia
1549 920 1692 961 promisit
1715 920 1862 952 dominus

244 979 349 1007 noster
372 974 545 1006 ecclesiae:
580 974 683 1004 Ecce
707 983 782 1013 ego
815 972 1025 1003 vobiscum
1057 981 1138 1002 sum
1168 971 1354 1003 omnibus
1378 971 1524 1002 diebus
1548 982 1673 1011 usque
1696 972 1743 1003 ad
1767 982 1862 1003 con-

244 1025 552 1058 summationem
577 1024 749 1056 saeculi.
776 1024 809 1054 111
833 1024 907 1055 navi
931 1023 1058 1063 quidem
1082 1027 1140 1059 est,
1168 1023 1200 1054 111
1224 1033 1286 1063 (11111
1311 1032 1434 1053 sumus.
1469 1022 1526 1054 sed
1549 1026 1689 1054 metuere
1716 1023 1778 1054 iam
1802 1034 1863 1055 non

245 1082 361 1120 potest.
397 1077 481 1117 quod
511 1077 668 1108 timemus.
718 1076 791 1106 Post
822 1075 1083 1106 resurrectionem
1115 1075 1198 1106 enim
1229 1074 1510 1114 ascensionemque
1542 1084 1631 1105 suam
1665 1069 1865 1107 totus'inter

245 1129 389 1170 pericula.
412 1132 517 1159 nostra
542 1127 721 1167 requiescit.
763 1127 898 1158 Alienae
922 1127 1026 1166 magis
1050 1126 1211 1157 formidini
1236 1135 1315 1166 opus
1339 1129 1396 1160 est,
1424 1129 1467 1156 ut.
1495 1125 1549 1164 (1111
1574 1135 1703 1157 securus
1726 1126 1860 1160 1110011111,

245 1180 387 1220 evigilet.

332 1231 495 1262 Clametur
527 1240 602 1270 ergo
632 1230 762 1261 vocibus
794 1229 1036 1270 supplicationis
1066 1233 1112 1260 et.
1156 1229 1182 1259 si
1212 1229 1399 1269 ingravante
1429 1228 1567 1268 periculo
1597 1228 1732 1260 necdum
1764 1229 1861 1267 audit,

246 1283 388 1325 pulsetur
412 1281 560 1312 manibus
585 1281 742 1321 largitatis
774 1285 805 1312 et
827 1281 950 1312 dicatur
980 1281 1026 1311 ei:
1060 1281 1238 1320 Exurge.
1273 1290 1396 1319 quare
1427 1279 1649 1313 obdormis.
1684 1280 1862 1320 domine,

249 1334 408 1365 oblitus
432 1333 598 1372 inopiae
621 1336 659 1363 et
683 1332 980 1363 tribulationis
1004 1335 1195 1363 nostrae?
1226 1331 1375 1362 Dicturus
1392 1335 1441 1362 est
1455 1331 1582 1371 quidem
1601 1331 1862 1372 expergefactus:

250 1388 327 1417 Cur
360 1384 498 1415 timidi
534 1383 651 1415 estis.
695 1383 877 1414 modicae
913 1382 1036 1414 fidei?
1082 1383 1207 1414 Reddat
1241 1383 1376 1414 salutem
1406 1387 1437 1413 et
1466 1383 1608 1423 increpet
1638 1383 1863 1414 infirmitatem.

248 1437 315 1467 Etsi
347 1446 447 1476 parva
469 1435 550 1466 tides
574 1439 638 1466 est.
673 1435 745 1475 quia
769 1435 916 1465 timemus
941 1434 1132 1466 saecularia.
1166 1438 1214 1465 est
1237 1437 1342 1465 tamen
1366 1434 1582 1473 aliquantula,
1618 1434 1644 1465 si
1668 1444 1866 1466 recurramus
1887 1445 1899 1462 ‘-

248 1487 289 1518 ad
313 1487 484 1518 dominum.
534 1487 604 1517 Non
628 1490 733 1517 autem
757 1486 921 1517 timeretur
944 1496 1048 1517 coram
1072 1486 1153 1526 ipso.
1184 1486 1211 1516 si
1234 1485 1303 1526 ipse
1327 1486 1500 1517 timeretur.
1549 1485 1613 1517 Sed
1637 1486 1767 1517 minima.
1791 1496 1866 1517 con-

247 1538 379 1570 scientia
409 1538 485 1569 recti
516 1538 653 1568 maxima
683 1547 781 1568 causa
811 1537 993 1578 trepidandi
1025 1541 1072 1569 est
1102 1537 1134 1568 in
1164 1541 1269 1568 nostra
1299 1537 1468 1578 praecipue
1499 1537 1578 1568 vita.
1622 1537 1672 1568 cui
1704 1537 1867 1569 criminum

248 1590 442 1621 continuatio
466 1589 500 1620 fit
524 1589 741 1620 discriminum
766 1589 946 1620 multitudo.
987 1589 1142 1626 Quocirca
1165 1589 1191 1619 si
1215 1598 1277 1619 uon
1302 1588 1440 1619 diximus
1464 1588 1602 1620 Christo:
1631 1589 1738 1629 Vigila
1762 1589 1868 1620 nobis—

249 1652 330 1673 cum.
359 1641 464 1672 saltim
489 1641 646 1672 dicamus:
676 1641 802 1680 Evigila
820 1645 1030 1681 propternos.
1072 1640 1143 1671 Non
1166 1640 1357 1680 rogavimus.
1387 1650 1426 1671 ne
1449 1639 1642 1671 discederet:
1670 1641 1869 1672 obtineamus

250 1696 283 1724 ut
314 1693 423 1724 redeat
452 1703 510 1724 nec
541 1692 667 1724 deserat
698 1702 823 1723 cursum
853 1692 1066 1732 navigationis
1096 1691 1256 1725 infirmae.
1291 1691 1392 1722 donec
1422 1696 1515 1723 vento
1545 1695 1576 1723 et
1606 1692 1683 1722 mari
1708 1692 1868 1724 silentium

251 1745 358 1776 iubeat
381 1748 412 1775 01
436 1744 570 1776 furorem
595 1744 784 1774 insanientis
809 1743 929 1775 saeculi
960 1743 1123 1774 celerrimo
1155 1743 1216 1774 fine
1247 1747 1426 1784 compescat
1457 1747 1487 1774 et
1518 1743 1572 1774 fiat
1602 1743 1634 1774 in
1666 1744 1870 1776 retributione

251 1795 359 1826 iudicii
389 1795 686 1834 tranquillitas
717 1805 879 1835 magna.
913 1806 995 1835 quae
1026 1795 1057 1826 in
1088 1795 1147 1825 hoc
1177 1794 1294 1826 mundo
1319 1804 1389 1825 esse
1413 1804 1474 1825 11011
1498 1798 1612 1835 potest.
1660 1794 1743 1832 Quia
1767 1795 1800 1827 si
1824 1795 1871 1827 de

252 1846 395 1878 mundo
425 1847 595 1878 essetis.
631 1846 800 1877 muudus
829 1846 936 1886 quod
967 1856 1079 1877 suum
1111 1850 1199 1877 erat
1234 1846 1447 1885 diligeret.
1496 1845 1561 1877 sed
1597 1846 1719 1878 devicto
1754 1846 1871 1878 mundo

253 1898 455 1939 perveniatur
477 1897 518 1929 ad
543 1908 712 1939 supernam
737 1898 890 1938 quictem:
920 1898 972 1929 ubi
996 1898 1145 1938 quoniam
1171 1897 1366 1938 possibilitas
1390 1897 1542 1938 pereundi
1566 1897 1678 1930 aberit.
1708 1907 1764 1929 nec
1789 1898 1873 1939 peri-

254 1950 315 1981 culi
340 1960 437 1980 eausa
461 1953 624 1980 nascetur:
660 1949 713 1980 ubi
738 1960 862 1990 semper
884 1950 1047 1980 nobiscum
1071 1949 1232 1981 dominus.
1261 1959 1386 1990 semper
1409 1959 1479 1980 cum
1503 1949 1574 1980 illo.
1603 1949 1627 1979 si
1652 1949 1789 1983 dederit,
1816 1959 1872 1980 nos

253 2001 369 2032 erimus
394 2005 424 2032 et
448 2001 500 2040 qui
525 2001 575 2031 hic
599 2000 790 2040 aliquotiens
814 2001 1060 2041 neglegentibus
1084 2001 1211 2032 dormit.
1247 2000 1312 2031 illic
1343 2004 1495 2041 perpetuo
1519 2000 1694 2032 fruentibus
1719 2001 1786 2032 sine
1811 2001 1873 2032 fine

254 2052 410 2092 vigilabit.

342 2149 356 2168 Γ»
376 2146 472 2172 Matth.
495 2151 519 2172 s,
541 2147 582 2171 23,
699 2148 726 2171 12
748 2147 832 2179 Vei-g.
854 2146 924 2172 Aen.
947 2147 957 2172 Ι
979 2148 1035 2171 201.
1154 2148 1181 2171 Η
1203 2147 1288 2179 Verg.
1309 2144 1379 2172 Aen.
1403 2146 1413 2172 1
1436 2146 1491 2171 122.
1602 2147 1631 2170 lo
1651 2146 1747 2172 Δ11111111.
1770 2147 1810 2176 25,
1832 2147 1873 2172 20.

258 2190 288 2213 22
309 2189 409 2214 Psalm.
431 2190 472 2218 43y
495 2190 535 2213 235,
559 2190 599 2214 24.
750 2190 780 2214 ’14
802 2190 898 2216 Martii.
921 2192 944 2218 S,
966 2191 1007 2216 26.
1150 2191 1181 2214 25
1213 2189 1248 2215 cf.
1270 2189 1336 2222 Sap.
1360 2191 1399 2218 17,
1424 2191 1447 2213 ll
1468 2210 1472 2214 .
1615 2190 1646 2213 :52
1667 2189 1764 2215 Matth.
1787 2190 1810 2219 S,
1833 2190 1873 2215 26.

257 2232 313 2258 Iob.
341 2233 377 2258 15.
403 2233 440 2257 1⁴).

345 2362 358 2384 2
379 2362 520 2385 iocunditas
539 2363 581 2385 Str*
688 2366 737 2384 tota
756 2363 805 2384 sola
825 2363 945 2385 sobrietas
965 2362 989 2386 S.
1013 2367 1062 2385 tota
1081 2367 1119 2384 est
1138 2363 1201 2385 seria
1218 2363 1327 2391 grauitas
1347 2361 1395 2383 GH
1517 2364 1530 2383 25
1550 2363 1668 2390 lacrymae
1688 2368 1745 2385 sunt
1766 2363 1798 2387 Η.
1819 2367 1877 2386 sunt

257 2412 304 2427 om.
321 2405 361 2426 ΝΗ
467 2405 481 2428 4
501 2405 589 2427 labore.
613 2405 709 2428 Mecum
729 2406 795 2427 0111111
816 2408 866 2427 tota
882 2407 910 2429 (ι’,
932 2406 1025 2428 labore:
1048 2413 1102 2428 cum
1123 2407 1189 2428 euim
1209 2410 1258 2428 tota
1278 2406 1303 2427 H
1406 2405 1420 2427 5
1440 2406 1515 2428 etiam
1535 2412 1593 2428 uero
1607 2404 1659 2429 SG.
1679 2406 1806 2429 enimuero
1821 2406 1847 2428 H

259 2454 377 2477 praesens
396 2455 442 2470 om.
459 2447 508 2469 GH
620 2447 634 2471 S
654 2448 773 2470 fluctuum
793 2452 975 2477 uentorumque
998 2448 1045 2470 (iH
1160 2448 1189 2471 lo
1208 2449 1307 2471 assiduo
1327 2449 1381 2471 libri
1494 2450 1542 2470 ictu
1563 2456 1610 2471 om.
1626 2448 1645 2470 G
1765 2449 1791 2472 ll
1813 2450 1878 2471 toni-

260 2494 342 2512 truum
366 2490 415 2512 GH
532 2491 559 2513 125
579 2498 651 2513 aures
672 2490 720 2516 ΒΗ,
744 2491 801 2513 (111111
822 2498 860 2513 105
880 2492 900 2511 (r'
1017 2492 1222 2514 obtrectationum
1243 2495 1267 2514 et
1287 2492 1495 2521 blasphemiarum
1515 2492 1604 2514 stridor
1623 2491 1671 2513 GH
1788 2491 1816 2514 15
1836 2492 1878 2514 do-

261 2534 342 2555 minus
362 2537 444 2555 noster
464 2533 511 2557 So.
534 2538 616 2556 noster
635 2534 749 2556 dominus
769 2533 793 2555 H
913 2534 938 2556 17
960 2535 1007 2556 iam
1028 2535 1081 2563 ipse
1101 2541 1148 2557 non
1168 2538 1248 2563 potest
1268 2535 1331 2563 quod
1352 2541 1394 2557 nos
1414 2535 1530 2557 timemus
1550 2534 1582 2563 H,
1604 2535 1656 2563 ipse
1676 2537 1697 2557 et
1717 2541 1759 2557 nos
1777 2540 1825 2557 orn.
1841 2534 1878 2556 SG

260 2575 291 2598 22
312 2583 416 2604 exsurge
437 2576 461 2598 H
576 2576 607 2599 24
627 2584 691 2606 quur
713 2576 732 2598 G
755 2578 788 2603 1111
811 2578 831 2597 (ι’
850 2578 944 2605 saepius
963 2578 1035 2599 etiam
1056 2584 1132 2606 quum
1150 2584 1194 2606 pro
1213 2584 1276 2600 cum*
1397 2577 1427 2600 25
1448 2580 1471 2600 et
1492 2578 1510 2599 si
1531 2577 1586 2599 libri
1698 2577 1832 2600 saecularia
1851 2577 1877 2605 S.

261 2619 372 2641 seculum
395 2619 442 2640 (iH
546 2623 626 2641 tamen
647 2624 683 2642 est
703 2618 752 2640 GH
855 2620 1008 2648 aliquantula
1028 2620 1088 2643 fides
1107 2621 1128 2642 51
1148 2622 1167 2641 (τ’
1280 2620 1311 2643 29
1331 2621 1417 2642 saltem
1437 2620 1463 2642 H
1565 2619 1593 2642 31
1616 2620 1741 2642 celerrimo
1760 2620 1808 2642 tine
1827 2618 1876 2648 SG‚

262 2662 310 2683 flue
330 2662 456 2684 celerrimo
477 2662 502 2683 H
617 2662 647 2684 :32
668 2669 753 2691 magna
773 2670 834 2691 quac
854 2662 905 2687 ΞΗ,
929 2670 1014 2691 magna
1033 2664 1091 2692 quia
1114 2665 1133 2684 (i
1239 2663 1270 2686 35
1290 2667 1404 2686 nascetur
1424 2662 1471 2686 Sti.
1493 2666 1636 2685 renascetur
1655 2662 1681 2684 H
1784 2662 1815 2685 36
1834 2663 1879 2685 ali-

263 2705 359 2732 quoties
379 2705 433 2727 libri

1882 673 1909 691 10

1884 928 1913 947 15

1885 1184 1915 1204 '20

1890 1700 1919 1719 30

1894 1958 1924 1976 35
