2064 2973
134 725 159 742 lo

133 981 159 998 15

131 1238 159 1256 *lo

3 1761 5 1776 ,
134 1754 144 1769 :i
151 1754 162 1770 o

138 2265 165 2284 -1o

881 156 1083 182 APPENDlX.
1731 158 1788 187 163

178 253 217 283 Et
240 252 313 282 lieet
336 251 543 292 optavissent.
571 251 654 291 quod
670 251 728 281 hoe
746 252 834 281 fieret
850 251 900 281 (lie
918 251 1160 281 s‹1›llen111itate1n
1179 251 1332 289 sequenti,
1361 251 1527 281 noluerunt
1543 254 1647 281 tamen
1665 254 1792 290 propter

179 308 297 334 tantum
330 303 443 333 bonum
475 303 612 343 amplius
642 303 883 342 procrastinare.
937 301 998 331 sed
1032 302 1220 332 unanimiter
1250 301 1458 332 decreverunt
1480 302 1565 342 apud
1590 302 1687 331 saneti
1715 302 1790 331 lusti

178 355 356 396 sepulcrum
382 357 576 394 pernoctare,
605 357 637 384 ut
660 354 714 384 illo
737 353 951 384 intercedente
976 352 1151 383 obtinerent
1173 363 1192 383 a
1215 353 1340 383 domino
1365 353 1530 393 petitiones
1554 352 1655 383 cordis
1679 353 1739 383 sni.

263 406 377 436 Evenit
399 409 522 438 autom,
557 410 652 436 ntea
676 409 783 443 noete7
818 414 887 435 enin
920 404 1015 434 lector
1046 404 1218 434 seeundum
1251 415 1366 434 moreni
1399 404 1550 444 inciperet
1580 404 1743 435 lectimienl
1773 414 1790 433 a

179 458 297 498 Moyse7
325 457 435 487 ineidit
457 457 488 487 in
513 457 569 487 illa
593 457 689 487 verba
713 456 847 486 domini:
884 455 960 485 sed
993 466 1065 494 ego
1097 455 1300 485 indurabo
1324 466 1387 485 eor
1410 456 1499 486 eius
1523 459 1561 486 et
1584 455 1792 495 multipli—

178 510 279 540 cabo
311 509 431 548 signa
455 512 491 539 et
514 512 679 539 ostenta
702 517 786 538 mea
809 507 847 537 in
872 510 982 537 terra
1006 506 1183 546 Aegypti
1209 509 1246 536 et
1268 517 1342 537 non
1366 506 1506 537 audiet
1536 516 1617 536 vos.
1672 506 1792 537 Deinde

180 572 248 592 euni
273 564 344 601 post
366 560 505 600 psalmos
530 560 713 590 decantatos
731 558 876 589 recitaret
892 568 929 588 ex
949 557 1120 597 prophetis.
1147 562 1347 588 ‹›‹.aarrrerunt
1364 558 1459 588 verba
1475 558 1590 588 domini
1608 558 1647 588 ad
1667 558 1791 588 Esaiam

181 612 328 643 dicentis:
357 611 465 641 Vade
489 614 527 641 et
551 611 663 641 diees
687 610 839 650 populo
862 609 974 639 huic:
1001 608 1144 639 audite
1167 609 1388 639 audientes
1413 612 1451 640 et
1474 609 1602 639 nolite
1627 609 1793 639 intelli-

178 673 290 703 gere1
319 667 356 693 et
380 663 518 693 videte
543 662 743 693 visionem
768 664 806 691 et
828 660 956 691 nolite
981 670 1243 699 etQ-noscere.
1286 660 1456 691 Exeaeea
1480 672 1538 691 eor
1563 661 1689 701 populi
1712 660 1792 690 eius

182 718 217 745 et
241 724 359 744 aures
383 714 472 744 eius
496 724 676 753 aggrava
702 716 739 743 et
762 713 903 742 oeulos
927 712 1008 742 eius
1033 711 1196 749 claude..
1225 722 1267 742 ne
1292 711 1396 742 sorte
1422 712 1548 742 videat
1571 712 1692 741 oculis
1716 711 1793 741 suis

178 771 215 797 et
237 766 410 796 auribus
434 764 579 795 audiat
602 768 641 795 et
664 764 894 803 intellegat
917 774 986 794 suo
1011 762 1131 793 corde
1155 766 1676 793 ot‹mnvortaturets-anem
1694 773 1790 793 euin.

178 819 320 856 (lunnlue
351 817 455 847 adhue
488 816 600 856 psalmi
635 816 767 845 fuissent
798 815 956 845 decantati
989 817 1019 845 et
1052 814 1170 853 legeret
1200 824 1238 844 ex
1268 814 1451 852 evangelio,
1487 814 1597 844 incidit
1624 814 1655 844 in
1686 814 1789 845 verba.

178 870 291 909 quibus
315 869 454 899 salvator
476 867 645 907 expiem-:tt
670 866 795 896 ludaeis
820 865 1088 896 incredulitatem:
1123 865 1203 895 Vae
1233 865 1307 895 tibi
1332 865 1585 899 Corrazaiin,
1620 875 1691 895 vae
1718 865 1794 895 tibi

180 920 394 951 Betzaida:
431 919 525 958 quia
556 918 587 948 si
619 918 655 948 in
682 918 788 957 Tyro
819 920 856 948 et
885 917 922 947 in
953 917 1101 947 Sidone
1132 916 1308 947 virtutes
1340 916 1475 947 saetae
1507 920 1659 953 essent⁷
1693 926 1794 955 quae

180 974 273 1002 sunt
308 971 445 1002 saetae
480 970 519 1000 in
554 969 687 1002 vobis,
726 968 959 999 iamdudum
996 968 1032 998 in
1069 967 1212 998 eilieio
1249 971 1287 998 et
1321 967 1458 998 cinere
1491 967 1794 1007 paenitentiam

179 1023 378 1062 egissent.
431 1021 572 1060 Denique
597 1030 665 1051 eum
691 1020 782 1051 lectio
806 1020 895 1051 tieret
917 1030 956 1050 ex
980 1019 1140 1060 apostolo,
1174 1019 1376 1059 pronuntiata
1405 1022 1477 1049 sunt
1507 1019 1603 1049 verba
1632 1019 1703 1049 illaz
1740 1019 1793 1048 An

180 1074 356 1105 divitias
381 1072 684 1103 bonitatiseius
701 1072 963 1112 etpatientiae
987 1074 1022 1101 et
1046 1070 1382 1110 longanimitatis
1407 1070 1655 1100 eonteninis?
1678 1070 1796 1109 igno-

182 1136 263 1164 ras,
299 1124 488 1167 quoniam
522 1123 777 1154 sustinentia
811 1123 876 1153 dei
908 1122 953 1153 ad
987 1122 1280 1163 paenitentiam
1306 1125 1341 1152 te
1365 1121 1555 1152 adducit?
1578 1121 1795 1151 secundun]

180 1180 309 1207 autem
328 1175 521 1206 duritiam
547 1178 652 1205 tuam
677 1179 712 1205 et
735 1174 1013 1215 impaenitens
1037 1184 1103 1203 cor
1126 1173 1386 1204 thesaurizas
1410 1173 1485 1203 tibi
1511 1173 1608 1203 iram
1634 1173 1672 1202 in
1697 1176 1797 1203 tein—

180 1238 267 1268 pore
291 1227 380 1258 irae.
421 1226 512 1263 Quod
537 1236 606 1256 euni
630 1226 669 1256 ab
694 1225 839 1256 ‹nnnibus
862 1225 1019 1266 episcopis
1043 1226 1243 1255 observatum
1267 1224 1390 1263 suisset7
1418 1228 1631 1262 cognoverunt
1649 1223 1798 1254 lectiones

180 1279 253 1310 illas
271 1279 316 1309 sie
332 1277 506 1309 occurrisse
530 1277 655 1308 volente
680 1277 822 1308 domino.
851 1280 884 1307 ut
907 1277 1024 1307 seirent
1047 1276 1227 1307 induratum
1253 1285 1323 1306 esse
1347 1287 1399 1306 cor
1422 1276 1504 1316 regis
1528 1276 1684 1315 deumque
1709 1275 1796 1305 illuni

181 1331 211 1360 in
242 1340 300 1361 sua
327 1329 568 1370 impaenitentia
592 1329 768 1368 relinquere
796 1328 836 1359 ad
868 1328 1097 1359 ostendendum
1130 1327 1258 1358 divitias
1289 1327 1428 1358 iustitiae
1459 1337 1550 1358 suae:
1591 1326 1672 1357 unde
1704 1326 1797 1357 valde

181 1382 286 1413 tristes
303 1381 405 1412 effecti
423 1383 544 1411 noctem
570 1380 600 1410 in
625 1380 765 1411 laeriinis
789 1383 1021 1419 transegerunt.
1063 1379 1133 1409 Non
1158 1378 1346 1410 destiterunt
1369 1381 1474 1409 tamen
1493 1378 1654 1409 veritatem
1673 1381 1798 1409 nostrae

181 1433 342 1473 relig-ionis
366 1436 474 1463 eontra
498 1432 647 1462 Arrianos
670 1431 830 1463 adserere.

268 1485 368 1524 Igitur
392 1488 549 1524 ternpore.
577 1494 638 1523 quo
662 1494 716 1514 rex
740 1483 894 1514 iusserat.
930 1482 1119 1513 eonveniunt
1142 1492 1250 1512 omnes
1274 1482 1412 1522 episcopi
1437 1485 1468 1512 et
1491 1481 1582 1511 simul
1608 1481 1648 1511 ad
1679 1479 1797 1519 regiain

182 1536 301 1567 vadunt
324 1545 392 1566 euin
418 1535 526 1565 inultis
550 1535 766 1565 sacerdotibus
790 1538 821 1565 et
844 1534 1029 1565 diaconibus
1054 1538 1084 1565 et
1107 1533 1295 1574 quibusdam
1328 1533 1367 1564 de
1398 1532 1579 1568 catholicis.r
1614 1532 1694 1562 inter
1722 1541 1799 1570 quos

181 1591 271 1618 erant
293 1587 443 1618 Placidus
472 1590 501 1617 et
528 1587 690 1625 Lucanus.
726 1586 779 1625 qui
811 1589 900 1617 erant
924 1586 963 1617 de
989 1585 1168 1626 praeeipuis
1199 1585 1331 1615 militiae
1363 1584 1456 1623 regis.
1513 1584 1673 1614 Venerunt
1704 1583 1797 1613 etiam

182 1639 305 1670 Arriani
336 1649 405 1669 eum
437 1638 514 1669 suis.
563 1640 640 1669 (lum
672 1648 746 1677 ergo
776 1638 934 1668 sedissent
963 1647 1067 1667 corani
1099 1647 1190 1676 rege.
1228 1636 1360 1666 dmnnus
1390 1635 1502 1666 Avitus
1535 1645 1588 1675 pro
1620 1634 1795 1671 catholici&

197 1690 358 1721 '›‹›nifatius
387 1700 441 1730 pro
464 1690 606 1720 Arrianis
630 1699 805 1720 sermonem
831 1689 1017 1719 habuerunt.
1067 1688 1129 1719 Sed
1154 1691 1319 1728 postquam
1345 1687 1477 1717 domnus
1502 1686 1613 1716 Avitus
1638 1685 1800 1726 proposuit

184 1742 276 1773 tidem
300 1745 437 1772 nostram
463 1751 531 1771 euin
557 1741 745 1771 testimoniis
770 1750 878 1771 saerae
903 1741 1093 1780 scripturae.
1129 1743 1163 1770 ut
1186 1742 1252 1769 erat
1276 1739 1357 1769 alter
1380 1738 1504 1768 Tullius
1529 1741 1559 1768 et
1582 1737 1727 1768 dominus
1751 1737 1799 1766 in*

183 1793 327 1834 spirabat
349 1792 482 1832 gratiam
507 1792 661 1828 omnibus,
689 1802 770 1832 quae
795 1792 937 1823 dicebat:
965 1795 1053 1822 tanta
1077 1790 1287 1821 consternatio
1311 1789 1425 1820 eecidit
1448 1799 1542 1829 super
1565 1788 1731 1818 Arrianos.
1769 1792 1800 1818 ut

183 1845 236 1885 qui
260 1845 337 1875 satis
361 1844 572 1875 amieabiliter
594 1843 789 1875 audientiam
814 1844 1004 1883 praebuerat
1022 1842 1208 1873 Bonifatius.
1237 1842 1316 1872 nihil
1339 1840 1466 1871 omnino
1488 1839 1678 1880 r‹,·.spondere
1696 1842 1801 1879 posset

183 1896 224 1927 ad
248 1896 385 1926 rationes
410 1895 515 1926 donini
533 1895 627 1927 Aviti.
656 1895 713 1926 sed
736 1898 857 1926 tantuin
881 1894 1086 1934 quaestiones
1111 1893 1258 1925 difficiles
1280 1895 1474 1933 proponeret.
1504 1891 1618 1931 quibus
1635 1890 1802 1921 videbatur

185 1948 267 1979 velle
290 1957 397 1987 regem
422 1947 572 1986 fatigare:
609 1947 665 1977 sed
690 1957 759 1977 euin
784 1947 823 1977 ab
848 1946 941 1977 Avito
966 1949 1144 1993 urgeretur.
1174 1949 1206 1976 ut
1229 1944 1435 1985 responderet
1457 1943 1498 1974 ad
1521 1942 1697 1977 antedieta.
1730 1951 1800 1982 pro-

154 2010 165 2026 -·›
185 1999 312 2030 mittens
336 2009 369 2029 se
393 1998 487 2029 etiam
512 2008 737 2039 responsurum
762 1997 802 2028 ad
827 2008 875 2029 ea.
903 2008 984 2036 quae
1003 2000 1219 2038 proposuerat.
1247 2006 1308 2026 non
1326 1995 1425 2036 potuit
1441 1993 1632 2034 respondere
1648 1993 1689 2023 ad
1706 2003 1800 2023 unam

185 2051 224 2082 de
248 2050 432 2082 rationibus.
461 2060 542 2090 quae
566 2050 691 2080 fuerant
713 2060 732 2080 a
756 2049 869 2080 domno
887 2049 978 2080 Avito
996 2048 1183 2089 propositae.
1212 2058 1314 2087 neque
1336 2047 1432 2077 ullam
1450 2056 1504 2086 pro
1521 2044 1707 2075 defensione
1725 2053 1801 2074 suae

185 2102 283 2143 partis
307 2102 465 2140 allegare:
494 2101 549 2132 sed
574 2105 693 2132 tantum
718 2111 753 2132 os
777 2111 867 2131 suuni
892 2101 923 2131 in
948 2100 1101 2131 conviciis
1125 2099 1289 2140 aperiebat
1320 2102 1351 2129 et
1375 2098 1501 2128 dicebat
1531 2096 1702 2127 eatholieos
1732 2104 1802 2125 esse

187 2153 445 2194 praestigiatores
470 2156 501 2184 et
530 2153 633 2183 colere
664 2152 898 2183 multitudinem
930 2151 1071 2182 deorum.
1120 2151 1210 2188 Quod
1240 2151 1340 2181 solum
1373 2160 1441 2180 eum
1474 2148 1593 2179 diceret
1621 2147 1802 2186 videretque

186 2215 241 2235 rex
264 2204 483 2236 e‹‡›nfusione111
508 2214 584 2235 suae
609 2208 733 2235 sectae.
761 2204 898 2234 surrexit
921 2204 961 2234 de
985 2213 1043 2234 sua
1067 2202 1143 2233 sede
1168 2203 1288 2233 dicens.
1316 2201 1399 2241 quod
1424 2201 1454 2231 in
1479 2200 1649 2231 erastinum
1674 2208 1803 2239 respon-

186 2256 275 2287 deret
299 2255 487 2286 Bonifatius.
536 2256 758 2287 Diseesserunt
786 2266 860 2295 ergo
884 2264 993 2285 onmes
1017 2254 1175 2295 episcopi,
1210 2257 1241 2285 et
1264 2253 1338 2293 quia
1361 2252 1465 2283 adhuc
1490 2251 1558 2282 dies
1582 2261 1641 2281 non
1667 2253 1732 2280 erat
1755 2250 1802 2279 in—

187 2307 314 2345 elinata7
341 2307 465 2337 iverunt
490 2307 582 2337 simul
607 2317 677 2338 euin
701 2307 813 2338 ceteris
838 2306 1002 2337 catholicis
1025 2306 1067 2336 ad
1090 2305 1255 2336 basilieani
1280 2304 1385 2335 domni
1410 2303 1487 2334 Iusti
1505 2302 1687 2333 confitentes
1704 2301 1803 2331 domi*

187 2369 273 2397 num7
294 2358 439 2398 quoniam
457 2359 568 2397 bonus7
589 2362 620 2390 et
635 2359 803 2390 laudantes
820 2369 901 2396 euni,
923 2358 975 2398 qui
993 2357 1124 2388 dederat
1141 2357 1205 2387 illis
1221 2357 1319 2388 taleni
1335 2355 1498 2386 vietoriam
1517 2354 1556 2384 de
1572 2352 1706 2383 inimicis
1724 2351 1800 2381 suis.

273 2410 425 2449 Sequenti
450 2420 523 2440 vero
547 2410 598 2441 die
621 2411 733 2441 iterum
757 2410 798 2441 ad
822 2410 942 2450 regiam
967 2409 1097 2450 prsffeeti
1123 2419 1193 2439 euin
1218 2408 1277 2446 his⁷
1305 2407 1357 2447 qui
1381 2407 1412 2437 in
1430 2404 1631 2446 praecedenti
1651 2403 1799 2434 aderant:

188 2472 321 2502 euinque
337 2461 589 2501 ingrederentur,
617 2462 805 2493 invenerunt
820 2461 981 2500 Arediuni,
1002 2461 1055 2501 qui
1073 2460 1101 2491 ei
1119 2459 1310 2501 persuadere
1327 2458 1463 2490 volebat,
1491 2460 1524 2487 ut
1541 2455 1798 2496 regrederentur:

275 2575 288 2598 5
308 2573 396 2598 Exod.
420 2575 442 2600 7,
465 2575 488 2598 3,
597 2576 610 2593 Ν
632 2573 695 2598 lsai.
718 2574 741 2601 6,
763 2574 787 2598 9,
812 2574 849 2597 10.
961 2574 989 2596 13
1010 2572 1106 2597 Marth.
1133 2572 1170 2600 11,
1192 2572 1233 2595 21.
1344 2571 1372 2593 1⁴5
1392 2570 1470 2594 Rom.
1492 2569 1515 2595 2,
1538 2569 1560 2592 4.
1584 2569 1607 2591 ι’).

278 2754 307 2777 27
328 2752 454 2785 Lucanus]
474 2754 594 2776 Laconins
612 2754 674 2775 coni.
693 2753 807 2781 Rindiny.
833 2753 843 2774 I
861 2755 907 2776 151¹
919 2756 969 2774 me.
987 2754 1050 2778 512';
1071 2752 1126 2780 fort.
1146 2752 1264 2773 {manius
1285 2751 1319 2771 xii·
1339 2749 1474 2771 consularis
1488 2756 1507 2770 c.
1524 2756 1544 2770 a.
1562 2746 1609 2769 5:54
1629 2748 1670 2775 qui
1685 2746 1801 2767 Donmini

189 2799 259 2820 titulo
278 2797 426 2826 subscriptus
445 2799 477 2819 eal
500 2796 547 2819 uid.
570 2798 637 2825 infra
657 2804 680 2824 μ
707 2798 752 2819 M&
777 2796 841 2817 Vll!
958 2796 989 2818 2⁴.)
1011 2795 1148 2817 llonil'acins
1166 2794 1253 2823 ubique
1274 2793 1405 2814 Ihm-sterius

1544 2840 1597 2864 21*
