2064 2973
229 107 291 136 352

227 204 470 230 temporaneus:
498 205 580 221 nexus
606 200 777 226 temporaneae
797 196 953 219 necessitatis
979 194 1021 223 98,

265 240 291 258 19
330 234 491 263 proventibus
505 233 671 261 temporaneis
694 231 750 260 133,
768 235 779 254 S
817 231 843 252 111
857 230 1022 259 temporaneis

263 270 325 298 (opp.
348 269 373 290 in
388 266 503 296 aeternis)
523 265 565 294 49,
583 270 594 289 S
632 266 658 287 in
678 265 845 294 temporaneis
858 277 892 280 —
905 265 931 286 in
944 267 1024 286 aeter-

261 304 299 325 nis
321 302 377 329 150,
401 307 429 325 38

226 336 454 366 temporarius:
477 334 639 363 temporariae
658 333 726 363 pacis
745 332 786 362 66,
810 336 840 356 25

226 371 403 400 temptatio:
438 370 524 391 flatum
553 368 723 397 temptationis
751 367 868 389 adversae
901 366 962 395 137,
992 371 1021 390 33

259 406 324 427 inter
343 404 434 433 proelia
454 402 624 431 temptationis
646 401 704 431 150,
726 406 754 424 34

225 443 366 468 tempus:
388 438 491 467 tempori
510 437 559 459 abl.
584 436 625 464 79,
651 441 656 459 1
699 437 723 458 in
744 438 853 465 tempore
872 436 956 458 futuro
980 434 1022 463 90,

263 478 289 496 11
329 476 439 501 tempore
459 474 482 500 <a
501 474 611 500 tempore
630 470 692 499 cod.)
714 470 833 500 postridie
856 469 883 498 (f.
904 472 959 499 post
979 470 1024 491 tri-

260 507 316 536 duo)
345 513 419 535 quam
444 512 509 528 soror
534 508 572 527 est
597 507 696 534 recepta
717 503 764 528 146
784 505 821 528 tit.
860 503 954 527 Sidonii
974 504 1025 526 filio

260 543 324 564 inter
351 540 484 563 facundiae
512 542 628 569 paternae
656 539 757 561 delicias
786 539 848 561 meis
872 538 1025 567 temporibus

260 578 408 598 nauseaturo
429 573 469 601 73,
493 579 505 597 0

228 614 354 633 tenere:
383 612 412 631 ut
435 608 538 637 figulum
563 608 632 630 brevi
652 607 788 630 tenendum
808 614 821 630 e
842 607 946 635 vestigio
965 606 1025 628 diri-

259 645 321 673 gatis
340 643 382 672 97,
408 648 434 667 13

231 683 380 702 tenuare:
402 677 526 699 hereditas
547 683 594 698 non
614 678 732 698 tenuatur
754 675 809 705 104,
833 679 863 698 20

228 717 332 742 tepor:
354 712 416 734 fides
436 715 520 741 tepore
540 710 644 733 marcida
663 709 704 737 83,
727 714 740 733 2

226 750 365 776 tergum:
388 747 479 768 litteris
500 749 567 773 terga
587 751 635 767 non
656 745 769 774 praebuit
791 743 848 773 102,
871 747 900 766 25

226 785 327 804 terra:
349 784 438 804 terram
458 779 658 809 repromissionis
680 778 737 808 133,
761 782 786 802 31

225 823 392 843 terrenus:
424 822 551 841 terrenum
577 824 681 845 regnum
708 816 733 847 2,
756 822 767 841 3
811 817 917 839 terrenis
942 818 1026 846 potes-

261 855 356 876 tatibus
375 853 418 882 64,
443 857 469 875 10
508 855 605 875 terrena
629 851 671 881 82,
695 856 721 874 17
761 852 866 874 terrenis
891 858 918 873 ac
940 857 1027 879 super-

263 889 302 910 nis
324 887 381 916 133,
403 891 431 910 27
471 888 496 909 111
516 887 622 909 terrenis
642 885 668 915 9,
692 890 719 909 16
758 886 852 908 redisse
871 885 900 908 de
920 882 1041 907 terrenis*

265 922 303 950 19,
327 927 339 946 9
378 923 403 944 111
424 925 521 944 terrena
541 921 640 943 venisse
661 920 699 949 19,
724 923 753 943 20

228 960 402 979 terrester:
425 960 473 978 tam
488 956 613 978 terrestria
626 962 697 984 quam
712 961 820 984 superna
843 953 900 981 150,
920 958 946 976 10
980 953 1027 974 To-

260 992 325 1013 biam
345 991 492 1019 caligantem
511 990 670 1012 terrestribus
690 989 732 1017 45,
757 993 784 1012 ls

226 1033 349 1052 testare
369 1031 468 1052 testari:
489 1029 627 1051 secundum
647 1028 712 1057 quod
733 1028 805 1056 longa
824 1027 906 1049 media
925 1030 970 1053 est,
992 1030 1028 1048 te-

259 1067 308 1087 stat
327 1067 355 1086 ut
374 1070 479 1093 persona
498 1064 575 1085 tertia
595 1063 711 1085 similiter
730 1062 801 1091 longa
820 1063 852 1084 sit
872 1061 914 1091 86,
938 1065 965 1084 11⁴5

227 1099 358 1121 testari:
380 1099 434 1127 ipse
454 1098 479 1120 in
499 1098 611 1120 Iohanne
631 1096 783 1125 evangelista
802 1099 908 1118 testatur
928 1095 952 1124 4,
976 1099 1006 1119 25
1041 1101 1042 1106 ’

226 1133 471 1156 testimonium:

262 1167 302 1195 97,
327 1171 356 1191 28

227 1204 354 1224 textus:
376 1201 451 1223 etiam
466 1203 547 1228 textu,
570 1207 601 1223 ne
620 1200 698 1222 dicam
719 1200 883 1229 expositione,
904 1199 1026 1228 prolixum

261 1239 299 1258 est
319 1235 359 1264 54,
384 1239 412 1258 17

511 1132 537 1154 in
573 1131 744 1154 testimoninm
775 1131 899 1159 largitatis
931 1137 1027 1153 servare

226 1271 343 1293 thema:
365 1270 480 1292 thematis
502 1268 542 1297 15,
566 1272 594 1291 15
632 1269 743 1297 suscepti
762 1268 882 1290 thematis
905 1267 961 1293 141.
984 1271 1012 1291 27
1041 1271 1247 1294 ἵ11113111111115ῑ
1273 1271 1387 1292 unanimi
1408 1270 1505 1299 copiam
1524 1269 1687 1291 redeuntibus
1706 1267 1762 1290 date
1782 1266 1824 1297 44,
1844 1271 1851 1290 1

227 1306 353 1328 thorus:
376 1304 406 1326 ad
426 1304 523 1326 thorum
542 1304 568 1331 (Ὗ)
592 1302 749 1333 respondisse
769 1302 809 1331 62,
833 1306 845 1325 2

227 1344 360 1366 timeret
388 1343 469 1364 sciens
497 1345 522 1364 et
541 1343 634 1364 timens
654 1348 702 1364 non
723 1344 772 1363 tam
792 1347 830 1363 me
850 1348 894 1371 per
913 1341 972 1363 haec
991 1341 1028 1363 illi

261 1378 413 1400 serviturum
432 1383 506 1405 quam
527 1376 639 1398 hostibus
660 1383 726 1398 arma
739 1376 936 1398 ministraturum
956 1375 996 1398 56.
1016 1379 1027 1396 5

262 1418 379 1441 personas
404 1411 548 1433 huiusmodi
573 1417 621 1432 non
647 1411 732 1433 obesse
759 1411 827 1432 nobis
847 1410 889 1432 sed
908 1410 1028 1439 impedire

263 1446 403 1468 timendum
423 1449 461 1467 est
481 1444 520 1472 34,
545 1448 574 1468 23

227 1481 364 1503 titulus:
386 1480 412 1502 in
432 1480 504 1501 titulo
525 1480 632 1501 nominis
651 1481 778 1501 accusaret
798 1477 837 1506 30,
862 1481 874 1501 2

229 1518 468 1542 tolerabiliter:
492 1517 645 1541 tolerabilius
664 1519 808 1539 oneraretur
822 1517 957 1545 fragilitate
971 1522 1031 1545 pec-

262 1554 311 1576 eati
331 1552 372 1580 30,
395 1556 423 1575 24

229 1589 373 1610 tonitrus
396 1586 451 1615 112,
476 1590 502 1609 11

229 1623 393 1652 torpidus:
416 1621 535 1643 haeresim
555 1620 675 1649 torpidam
696 1620 783 1648 frigore
807 1619 861 1647 150,
885 1622 913 1641 22

228 1660 321 1679 torus
340 1656 390 1678 vicl.
412 1656 496 1677 thorus

230 1695 331 1713 totus:
354 1697 385 1712 ex
406 1693 455 1712 toto
476 1689 516 1712 70,
539 1695 561 1713 τι,
585 1694 624 1711 30,
648 1688 688 1715 81,
711 1692 740 1711 27
779 1688 838 1710 totis
857 1687 969 1710 omnibus
989 1687 1029 1716 43,

269 1730 288 1748 l.
312 1725 353 1753 76,
372 1729 410 1747 15.
435 1723 489 1747 lll.
509 1727 536 1746 27
577 1724 623 1745 sub
643 1724 701 1745 totis
719 1724 797 1745 tribus
811 1723 923 1751 personis
943 1722 984 1749 56,
1002 1725 1031 1745 20

229 1759 379 1782 trabalis:
401 1758 537 1780 trabalibus
557 1758 632 1779 clavis
651 1757 691 1785 25,
716 1762 743 1780 31

230 1795 350 1816 trabes:
374 1793 495 1822 (tra)bium
517 1798 631 1821 processu
653 1791 710 1821 142,
733 1796 762 1815 33

229 1831 384 1850 tractare:
408 1829 512 1849 tractate
532 1826 686 1854 diligentius,
710 1833 740 1848 an
762 1844 766 1848 .
785 1844 790 1848 .
807 1844 812 1848 .

265 1863 371 1884 rentiam
392 1862 510 1884 ecelesiae
531 1861 661 1890 utriusque
681 1861 783 1882 tractavi
804 1860 846 1887 73,
870 1864 898 1882 111

231 1900 401 1919 tractator:
425 1895 563 1918 fidelissimi
583 1897 728 1917 tractatores
748 1894 790 1922 62,
814 1901 826 1918 3

233 1938 409 1957 tractatus:
432 1934 556 1956 habuistis
570 1940 626 1955 cum
640 1940 696 1961 rege
711 1936 840 1955 tractatum
862 1932 903 1959 51,
920 1937 929 1955 4
971 1935 1034 1954 trac-

266 1971 319 1991 tatu
338 1969 486 1998 impensiore
506 1967 548 1997 24,
569 1972 598 1990 211

234 2003 382 2026 traditio:

270 2037 404 2060 traditione
421 2036 557 2065 proditione
579 2036 603 2063 5,
626 2040 654 2059 ⁴2*

234 2072 387 2094 traditor:
409 2071 525 2093 traditore
546 2070 568 2099 5,
593 2073 622 2093 25

235 2106 363 2128 tradux:
386 2105 494 2127 traducis
513 2104 554 2128 24.
578 2109 588 2127 -1
628 2111 671 2133 per
690 2104 816 2126 traducem
840 2103 878 2131 19,
902 2108 931 2127 25

235 2140 378 2162 trahere:
410 2146 512 2162 munera
536 2147 549 2161 a
574 2139 645 2161 malis
671 2139 750 2161 oblata
776 2139 801 2160 in
827 2139 918 2161 bonum
940 2138 1035 2160 trahere

271 2175 311 2199 37,
336 2179 363 2197 13

236 2209 429 2231 transactio:
452 2208 533 2229 votiva
552 2207 716 2229 transactione
738 2206 792 2235 146,
816 2212 845 2229 30

237 2243 435 2265 transferre:
463 2249 518 2264 cum
544 2241 574 2263 ad
594 2241 738 2263 catholicam
758 2241 836 2269 legem
857 2249 882 2263 se
901 2242 1037 2264 transtule-

273 2278 323 2300 rint
341 2277 382 2304 35,
408 2281 435 2299 10
473 2277 610 2299 translatus
629 2277 658 2297 ab
678 2275 772 2297 haeresi
793 2275 834 2300 31,
858 2280 886 2298 15

239 2311 440 2340 transgredi:
462 2310 654 2340 amplitudinem
674 2310 856 2338 transgreditur
879 2310 933 2337 138,
957 2314 983 2332 31

238 2355 478 2378 transgressor:
501 2350 529 2371 ab
550 2350 617 2371 omni
634 2352 843 2376 transgressorum
857 2349 974 2371 societate
995 2348 1034 2373 72,

277 2389 304 2408 13
343 2388 551 2412 transgressorum
566 2384 682 2405 societate
696 2382 819 2405 declinata
834 2382 872 2411 71,
894 2387 919 2405 111
958 2385 1037 2405 trans-

274 2419 426 2447 gressoribus
447 2417 488 2447 72,
506 2423 517 2440 5
555 2418 584 2440 de
603 2417 687 2447 impiis
707 2417 928 2445 transgressoribus
949 2417 988 2444 70,
1009 2422 1035 2440 111

241 2458 439 2486 transigere:
461 2460 561 2479 tenuem
582 2457 675 2479 victum
695 2455 808 2485 piscandi
827 2456 931 2478 artificio
946 2457 1038 2478 transi-

275 2493 347 2520 gebat
367 2490 406 2519 33,
431 2495 460 2514 25
498 2494 646 2513 transactum
668 2490 730 2519 (opp.
752 2491 874 2517 futurum)
898 2489 938 2519 131,
964 2494 990 2512 111

241 2527 397 2548 transire:
418 2526 582 2547 festivitatem
602 2532 674 2554 quam
695 2525 855 2547 transivimus
875 2523 914 2552 ³7,
939 2529 948 2546 τ

241 2561 451 2582 transmissor
472 2559 527 2586 130,
551 2563 580 2582 20

241 2599 489 2621 transmittere:
511 2599 592 2627 angeli
607 2598 636 2620 de
655 2597 730 2620 caelis
749 2599 849 2626 optenta
869 2598 1040 2619 transmittunt

280 2632 336 2660 125,
360 2636 388 2656 32
426 2633 565 2655 transmisit
584 2632 685 2654 tradidit
704 2631 744 2656 91,
769 2638 780 2654 s

244 2670 503 2696 transpungere:
532 2674 587 2689 vera
608 2673 675 2691 caro,
703 2673 776 2695 quam
799 2666 885 2695 spinae
906 2669 1040 2694 transpun-

281 2704 343 2730 gunt
362 2700 404 2727 26,
427 2706 438 2724 5
476 2701 634 2730 transpuncti
652 2701 737 2723 lateris
757 2699 798 2728 27,
821 2704 861 2723 30.
883 2699 923 2728 61,
948 2705 959 2722 5

244 2735 406 2757 tribuere:
437 2736 529 2757 tribnat
548 2735 609 2757 deus
637 2738 735 2764 noster,
762 2737 790 2756 ut
809 2747 841 2750 μ
860 2734 900 2760 90,
928 2738 954 2756 13
993 2735 1039 2756 tri-

622 103 673 128 111.
696 102 814 128 INDEX
834 100 1039 127 VERBORVM
1060 99 1107 124 ΕΤ
1126 98 1378 125 LOCVTIONVM.
1416 98 1451 123 Α.

1087 195 1146 217 buat
1159 194 1243 216 divina
1257 194 1383 216 miseratio
1395 193 1436 221 81,
1454 197 1481 218 11
1521 194 1614 216 tribuat
1627 192 1752 219 Christus,
1774 193 1802 214 ut
1814 205 1848 208 —

1089 228 1131 257 87,
1156 232 1184 252 13
1222 228 1315 250 tribuat
1334 227 1448 250 Christus
1467 230 1629 250 commeatum
1650 226 1690 256 88,
1714 231 1726 249 4

1051 263 1233 285 tribulare:
1264 268 1309 291 pro
1336 262 1448 284 veritatis
1476 268 1556 284 amore
1583 261 1699 284 tribulari
1729 259 1791 289 119,
1819 263 1847 283 12

1085 296 1233 319 tribulandis
1252 296 1322 318 nobis
1342 295 1384 325 91,
1406 299 1436 319 25

1050 331 1242 354 tribulatio:
1256 331 1430 353 tribulationes
1444 329 1502 359 180,
1513 335 1525 353 0
1563 330 1752 352 tribulationum
1765 331 1848 351 aestus

1084 365 1124 390 74,
1148 369 1178 388 211

1051 399 1267 422 tricennalis:
1290 399 1426 421 tricennale
1445 398 1595 421 consortium
1614 398 1657 427 49,
1680 402 1706 421 31

1052 435 1196 456 triduum
1216 433 1266 456 vid.
1288 433 1405 463 postridie

1037 474 1193 496 ,trinitas
1211 474 1311 502 passim,
1333 472 1366 501 cs.
1383 472 1407 498 4,
1427 476 1497 501 lsqq.
1520 470 1544 499 8,
1561 474 1573 494 2
1611 471 1730 493 trinitatis
1746 469 1800 499 122,
1821 474 1847 492 19

1088 509 1113 530 111
1134 508 1248 530 trinitate
1281 506 1338 535 122,
1362 511 1389 529 14
1437 506 1614 535 aequalitatem
1639 505 1760 528 trinitatis
1790 504 1814 532 2,
1837 508 1849 527 6

1089 542 1211 564 trinitatis
1231 541 1324 563 dixisor
1345 540 1400 567 134,
1427 545 1454 563 10
1475 543 1518 562 etc.

1052 577 1176 599 trinus:
1198 583 1262 605 aqua
1282 576 1346 597 trina
1368 574 1425 604 142,
1448 578 1477 597 20
1515 574 1608 596 trinum
1629 574 1702 596 deum
1723 572 1781 602 146,
1803 576 1832 597 :32

1053 611 1241 640 triplicare:
1264 610 1389 639 triplicata
1407 612 1445 631 est
1464 609 1621 631 sollemnitas
1642 607 1699 636 146,
1723 611 1751 631 29

1053 645 1250 674 tripudium:
1281 645 1310 666 ab
1339 645 1401 673 ipsis
1422 644 1447 666 iu
1476 642 1575 665 Christo
1603 649 1684 665 sacrae
1713 642 1852 664 nativitatis

1087 678 1204 708 tripudiis
1223 678 1265 707 26,
1289 683 1317 702 30

1054 717 1287 747 triumphalis:
1310 717 1467 746 triumphalis
1487 716 1561 738 venia
1582 714 1622 743 15,
1639 718 1666 738 21

1087 751 1269 782 praeminentia
1289 750 1329 778 25,
1352 755 1365 774 2

1053 785 1325 816 *triumphaliter
1346 785 1403 815 106,
1427 790 1455 807 30

1054 821 1270 850 triumphare:
1292 821 1402 842 omnium
1423 819 1500 847 gloria
1519 818 1683 848 triumphavit
1704 817 1761 846 111,
1786 821 1815 841 28

1040 854 1273 884 ,triumphator
1299 853 1339 881 28,
1363 857 1392 877 22
1430 853 1604 882 triumphatori
1623 853 1755 882 conspicuo
1776 852 1849 874 sertis

1088 890 1185 912 laureae
1205 889 1313 911 victricis
1332 891 1375 910 aut
1395 890 1472 916 myrto
1492 887 1534 916 52,
1556 890 1585 910 32

1055 927 1254 956 triumphus:
1285 929 1339 956 post
1365 927 1552 949 resurrectionis
1572 924 1728 954 triumphum
1759 923 1796 951 19,
1822 928 1848 946 11

1089 965 1144 991 post
1162 961 1302 990 triumphos
1324 960 1381 987 117,
1406 965 1431 983 11

1055 997 1175 1018 tuitio:
1198 996 1283 1018 divina
1301 995 1409 1018 tuitione
1429 994 1471 1019 87.
1494 999 1504 1017 7

1056 1031 1217 1053 turbatio:
1243 1030 1335 1059 (frater)
1355 1029 1464 1052 turbatio
1483 1029 1589 1058 regionis
1609 1028 1648 1057 33,
1673 1031 1685 1050 2

1055 1068 1213 1087 tutamen:
1237 1065 1357 1086 tutamine
1380 1063 1435 1092 115,
1459 1068 1470 1085 fl

1709 714 1852 743 triumphali

1056 1134 1226 1156 ullatenus
1246 1132 1288 1162 27,
1309 1136 1339 1156 23

1057 1168 1208 1190 ultimus1
1231 1167 1260 1189 ad
1280 1167 1397 1189 ultimum
1418 1166 1458 1190 21.
1482 1169 1510 1189 29

1057 1203 1154 1225 ultio:
1178 1202 1310 1224 retributio
1330 1201 1434 1224 ultionis
1458 1200 1632 1223 blandissimae
1652 1198 1694 1229 63,
1716 1202 1729 1222 2

1057 1237 1261 1259 unanimitas
1281 1235 1357 1265 9,1υ

1057 1306 1181 1328 unctio:
1205 1312 1285 1327 sacrae
1305 1305 1430 1327 unctionis
1452 1303 1493 1329 75.
1517 1307 1546 1327 32

1058 1344 1154 1367 unde:
1185 1344 1264 1370 unde,
1288 1343 1352 1372 quod
1378 1349 1454 1365 unum
1475 1343 1542 1365 valeo
1572 1342 1611 1371 76,
1636 1345 1665 1365 32
1703 1348 1758 1363 nam
1788 1340 1856 1363 unde

1091 1382 1144 1407 est,
1166 1378 1230 1407 qnod
1251 1397 1256 1401 .
1274 1396 1279 1400 .
1297 1395 1302 1400 .
1325 1379 1441 1400 nituntur
1465 1377 1580 1406 adlicere,
1606 1377 1654 1398 nisi
1675 1379 1702 1398 ut
1724 1394 1728 1399 .
1747 1393 1752 1398 .
1769 1393 1774 1397 .
1796 1381 1856 1397 oon-

1092 1413 1216 1435 maculent
1237 1412 1276 1441 71,
1300 1415 1329 1435 211
1375 1411 1441 1434 unde
1460 1418 1534 1433 causa
1553 1410 1731 1433 sollicitudinis
1751 1409 1794 1431 has
1814 1409 1856 1431 di-

1093 1448 1146 1470 rexi
1164 1446 1205 1475 96,
1224 1450 1253 1470 20
1293 1446 1358 1468 unde
1380 1446 1431 1468 sola
1450 1453 1523 1468 causa
1542 1445 1593 1468 sola
1613 1445 1657 1467 hm·
1676 1451 1749 1466 causa
1769 1443 1810 1471 69,
1828 1446 1856 1466 21

1059 1482 1213 1510 unigena:
1236 1482 1359 1509 unigenae
1379 1481 1431 1503 divi
1454 1479 1496 1502 191
1520 1480 1595 1502 XIIII
1617 1484 1628 1501 3

1060 1515 1290 1544 ⁴'unigenitorz
1312 1515 1397 1537 divina
1417 1515 1550 1542 miseratio,
1573 1520 1635 1543 quae
1655 1516 1679 1535 te
1699 1512 1856 1541 unigenitore

1097 1551 1171 1572 etiam
1191 1556 1234 1572 nos
1254 1553 1336 1579 patres
1356 1556 1410 1571 esse
1429 1549 1549 1571 concessit
1567 1547 1608 1575 81,
1633 1552 1661 1571 13

1061 1585 1252 1612 unigenitus
1276 1583 1331 1612 106,
1355 1587 1385 1606 25

1062 1619 1165 1642 unire:
1183 1619 1267 1641 uniret
1283 1618 1321 1645 19,
1339 1622 1366 1641 115
1405 1621 1531 1640 creaturae
1545 1617 1631 1639 unitus
1646 1618 1684 1638 est
1698 1615 1721 1643 5,
1739 1620 1751 1638 4
1791 1615 1861 1637 homo

1095 1654 1184 1676 unitus
1203 1656 1242 1675 est
1261 1652 1305 1675 deo
1328 1651 1367 1681 19,
1391 1655 1418 1675 27
1459 1652 1504 1674 deo
1524 1651 1590 1673 uniri
1616 1650 1655 1680 13,
1678 1654 1707 1673 20
1745 1651 1785 1672 cui
1805 1650 1861 1671 uni-

1096 1691 1138 1710 tus
1157 1687 1302 1709 adhaeserat
1330 1687 1368 1715 10,
1392 1691 1421 1710 30
1465 1686 1530 1716 lapis
1550 1686 1616 1708 saxis
1635 1686 1723 1707 unitus
1752 1683 1809 1713 137,
1832 1687 1857 1706 11

835 1825 876 1851 54,
894 1829 923 1848 22
962 1832 1049 1847 reve--

417 2002 555 2025 seeundum
586 2002 747 2024 traditionem
778 2002 907 2024 hominum
942 2000 979 2029 11,
1006 1996 1050 2024 17}

1096 1722 1238 1744 mediatoris
1258 1722 1323 1743 uniti
1344 1720 1385 1749 20,
1410 1725 1435 1743 31
1478 1721 1548 1742 unita
1567 1720 1673 1741 membra
1694 1718 1735 1747 37,
1757 1722 1787 1741 20

1062 1761 1188 1783 unitas:
1212 1761 1237 1782 in
1259 1761 1380 1782 unitatem
1401 1766 1520 1789 personae
1540 1758 1564 1787 4,
1581 1762 1608 1781 37
1648 1758 1741 1780 currite
1761 1757 1800 1778 via
1818 1763 1861 1784 ge-

1096 1796 1183 1817 nuina,
1204 1796 1279 1817 vestri
1300 1795 1380 1823 operis
1401 1794 1497 1816 unitate
1520 1792 1575 1822 102,
1601 1795 1628 1815 12

1062 1829 1279 1851 universalis:
1303 1830 1327 1850 in
1348 1828 1484 1850 universali
1504 1827 1608 1849 ecclesia
1628 1826 1666 1849 dei
1686 1825 1727 1854 56,
1751 1829 1781 1848 25

1063 1864 1268 1886 universitas
1288 1864 1330 1889 33,
1349 1867 1373 1885 11
1414 1863 1562 1884 universitas
1582 1861 1670 1883 devota
1689 1860 1731 1886 99,
1750 1864 1774 1883 11
1815 1859 1862 1881 eri-

1099 1905 1155 1920 men
1177 1898 1241 1927 quod
1263 1898 1415 1920 universitas
1435 1896 1601 1919 conclamabat
1626 1894 1668 1924 83,
1691 1899 1718 1917 31
1763 1895 1864 1916 univer-

1097 1933 1180 1954 sitatis
1199 1932 1300 1954 afflietio
1321 1931 1361 1959 32,
1384 1934 1414 1955 25

1049 1964 1158 1989 1nnus:
1181 1973 1259 1989 unum
1279 1969 1324 1993 est,
1347 1966 1411 1995 quod
1433 1965 1472 1995 76,
1497 1969 1508 1988 S

1049 2006 1137 2029 ,urbs
1158 2005 1251 2028 Roma:
1271 2005 1425 2028 senatoribus
1445 2004 1512 2026 urbis
1531 2003 1572 2032 (34,
1598 2007 1606 2026 1
1646 2003 1731 2025 urbem
1751 2001 1801 2024 orbi
1823 2008 1864 2024 ve-

1099 2040 1233 2062 nerabilem
1259 2039 1300 2068 64,
1324 2043 1335 2062 2
1373 2039 1439 2068 apud
1464 2039 1549 2060 urbem
1577 2037 1618 2067 64,
1644 2041 1670 2060 15
1709 2043 1771 2066 papa
1796 2036 1863 2058 urbis

1099 2073 1139 2098 65.
1163 2079 1174 2097 4
1213 2081 1290 2103 papae
1311 2074 1380 2096 urbis
1401 2073 1440 2102 53,
1464 2076 1504 2095 20.
1534 2071 1574 2101 98,
1598 2076 1610 2095 6
1649 2071 1748 2093 inclitae
1768 2070 1863 2097 magni-

1098 2109 1194 2131 tudinis
1214 2109 1268 2130 urbi
1290 2108 1330 2134 77,
1356 2111 1382 2130 12
1420 2107 1468 2129 vid,
1492 2107 1567 2129 Roma
1587 2106 1710 2128 Romanus

1064 2149 1175 2172 usque:
1199 2150 1278 2172 usque.
1298 2149 1363 2164 nunc
1386 2140 1443 2166 104.
1466 2145 1493 2164 12
1532 2148 1611 2170 usqne
1630 2141 1658 2162 in
1678 2140 1757 2162 Adam
1780 2138 1862 2164 11,:;:z

1098 2185 1177 2206 usqne
1197 2178 1226 2199 ad
1246 2177 1326 2199 David
1348 2175 1386 2204 ll,
1411 2180 1439 2199 32
1454 2183 1489 2204 sq.

1065 2223 1166 2245 usque
1187 2223 1331 2245 quaque:
1354 2216 1468 2244 episcopo
1488 2214 1631 2243 neglegenti
1651 2220 1695 2236 nec.
1710 2220 1789 2242 usque
1802 2219 1864 2241 qua-

1101 2258 1150 2280 que
1169 2252 1203 2274 sic
1223 2250 1293 2273 docto
1312 2249 1352 2277 22,
1376 2255 1405 2271 :io

1066 2292 1156 2308 usus:
1179 2286 1204 2307 in
1224 2292 1269 2307 usu
1290 2285 1425 2312 coniugalis
1445 2284 1547 2313 copulae
1567 2282 1608 2311 30,
1631 2286 1660 2305 30

1067 2323 1113 2342 ut:
1144 2322 1171 2342 ut
1195 2320 1321 2349 apostolus
1345 2319 1381 2340 ait
1406 2318 1450 2344 32,
1477 2322 1503 2341 10
1525 2320 1568 2340 etc.
1616 2320 1644 2339 ut
1669 2315 1862 2339 Salomoniacum

1099 2354 1160 2376 illud
1181 2354 1305 2383 apostolus
1324 2354 1358 2375 ait
1378 2352 1418 2380 30,
1442 2356 1471 2376 23

1066 2396 1099 2415 ut
1111 2399 1155 2421 pro
1168 2399 1249 2415 uccuS.
1266 2400 1286 2415 c.
1303 2391 1369 2419 infi:
1389 2391 1526 2414 seeundum
1540 2390 1604 2419 quod
1625 2391 1695 2418 longa
1715 2389 1796 2411 media
1815 2390 1863 2417 est,

1101 2429 1190 2455 testat,
1223 2429 1250 2449 nt
1269 2433 1373 2456 persona
1393 2426 1467 2448 tertia
1487 2426 1602 2447 similiter
1621 2425 1692 2452 longa
1710 2424 1742 2446 sit
1767 2422 1808 2449 86,
1834 2426 1860 2445 16

1101 2467 1180 2490 spero,
1201 2464 1228 2483 ut
1248 2461 1363 2490 pandatis
1382 2459 1422 2489 86,
1447 2464 1472 2482 31
1513 2466 1557 2482 nec
1572 2460 1661 2481 mirum
1676 2461 1724 2487 est,
1746 2460 1773 2480 ut
1786 2457 1863 2479 aude-

1103 2498 1145 2517 ant
1165 2494 1205 2524 38,
1233 2499 1258 2518 14
1297 2495 1436 2517 concessuri
1457 2497 1526 2523 sunt,
1546 2497 1572 2516 ut
1587 2496 1644 2516 ante
1658 2492 1773 2521 genuerit
1787 2492 1863 2513 tilium

1102 2533 1179 2559 pater,
1201 2537 1274 2559 qnam
1295 2532 1372 2551 mater
1392 2529 1497 2551 ediderit
1516 2527 1556 2557 01,
1574 2531 1603 2551 22
1640 2528 1716 2555 iunge
1735 2533 1814 2556 porro,
1835 2528 1863 2547 ut

1104 2564 1137 2586 sit
1156 2564 1216 2586 deus
1236 2565 1260 2586 in
1282 2563 1378 2586 Christo
1397 2564 1420 2589 9,
1439 2568 1450 2585 0
1489 2563 1604 2585 sentiunt
1623 2568 1694 2584 sanas
1715 2567 1786 2583 aures
1800 2561 1864 2582 ferre

1103 2605 1149 2620 non
1179 2605 1259 2627 posse,
1290 2601 1318 2620 ut
1344 2598 1405 2620 dens
1434 2598 1542 2626 coepisse
1570 2597 1684 2619 credatur
1711 2602 1741 2617 ex
1767 2594 1865 2617 homine

1054 2653 1055 2657 ,
1103 2634 1143 2658 00,
1169 2636 1194 2655 17

1054 2666 1104 2703 ,ut
1125 2666 1203 2695 quod:
1224 2669 1251 2688 ut
1271 2673 1310 2688 me
1330 2672 1376 2688 nou
1397 2666 1521 2688 offerrem:
1544 2665 1594 2687 illis
1608 2664 1810 2693 occupationibus
1823 2663 1866 2685 ob-

1103 2704 1213 2730 strepere
1232 2701 1307 2723 timui
1327 2700 1366 2727 65,
1391 2704 1420 2722 211
1458 2699 1520 2721 illud
1545 2706 1644 2728 quoque
1670 2702 1698 2720 ut
1719 2698 1749 2720 de
1768 2697 1865 2720 heremo

1104 2735 1162 2757 talia
1181 2735 1281 2763 proferri
1303 2741 1374 2763 posse
1393 2735 1495 2758 dicatis.
1523 2734 1647 2762 elegantia
1671 2733 1776 2762 quadam
1796 2732 1863 2754 desi-
