2064 2942
847 116 1073 143 PROOEMIVM.
1698 117 1763 147 11Χῖ

236 229 299 261 Sed
331 229 463 260 aliorum
494 239 618 269 quoque
648 229 799 259 librorum
827 228 980 259 memoria
1004 231 1104 267 extat,
1139 228 1191 268 qui
1216 228 1360 259 interisse
1386 227 1538 258 videntur.
1587 228 1676 258 Alter
1699 228 1767 266 qui-

152 290 224 320 dam
248 288 489 320 Corbeicnsis
513 299 532 320 a
555 287 799 320 Montefalconio
823 298 854 329 p.
881 285 975 318 1408‘1
999 287 1188 319 describitur
1210 288 1243 318 in
1267 288 1414 328 catalogo
1438 287 1580 319 codicum
1604 297 1697 327 quem
1722 287 1767 318 illi

151 349 281 381 miserat
302 348 403 390 ipsius
427 348 612 380 monasterii
635 348 739 379 Prior:

393 413 542 444 Carmina
565 413 696 445 Iuvenci
719 412 751 443 in
774 415 866 443 vetus
890 414 1132 451 testamentum.
1160 412 1274 452 quibus
1299 412 1472 443 succedunt
1495 411 1674 451 categoriae
1698 411 1766 442 Ari-

306 464 428 496 stotelis
440 466 494 505 89);
523 464 593 496 cod.
620 464 751 496 membr.
778 473 862 495 saec.
889 463 930 494 X.

152 529 285 561 Temere
308 529 464 560 Arevalus
487 530 613 569 Proleg.
639 529 671 560 in
694 529 867 559 Iuvencum
891 538 921 558 n.
955 530 989 558 10
1014 538 1043 568 p.
1078 530 1111 558 lo
1136 531 1167 558 et
1190 538 1220 558 u.
1248 530 1286 557 44
1313 538 1342 568 p.
1370 529 1409 557 22
1434 529 1550 558 mutat:
1582 527 1631 558 ·in
1654 537 1768 558 novum

152 590 403 620 testamentum'.
459 589 566 620 Potius
597 588 721 620 iuvenci
751 598 865 619 nomen
896 597 935 619 ex
966 587 1045 618 libro
1075 587 1130 618 illo
1161 587 1376 619 vetustissimo
1408 587 1593 618 corbeiensi
1624 597 1678 628 pro
1708 587 1771 627 Cy-

152 649 262 690 priano
286 649 421 690 positum
447 648 600 690 suspicari
624 648 709 680 licet.

241 718 417 749 Labbeus
440 728 522 749 nova
545 717 737 749 bibliotheca
760 726 837 747 mss.
864 715 964 747 Paris.
995 717 1074 747 1653
1100 727 1128 757 p.
1158 719 1216 746 57:

396 782 527 813 *Alcimi
551 792 647 823 opera
671 781 793 822 poetica
816 781 957 812 nondum
982 780 1067 812 edita
1091 780 1123 811 in
1148 781 1338 817 chiticum.
1375 781 1546 811 Numeros.
1576 780 1773 810 Deuterono—

308 834 404 864 mium
436 836 467 864 et
489 833 585 864 libros
609 834 702 864 Iosue
726 843 763 864 ae
786 832 930 864 Indicum
955 832 1152 873 proferemus
1176 832 1207 862 in
1232 833 1345 862 lucem.
1395 832 1441 862 Ex
1467 830 1669 871 Apographis
1693 840 1768 861 mss.

307 894 343 916 eo
367 884 554 926 praesertim
578 884 662 925 quod
682 884 841 915 Theodori
858 884 1026 914 Pulmanni
1050 894 1145 914 manu
1171 883 1363 924 descriptum
1389 883 1512 922 sibique
1537 883 1576 913 ab
1593 882 1773 913 Abraliamo

307 936 426 968 Ortelio
451 936 604 968 donatum
628 936 758 967 miserat
780 936 842 967 huc
865 935 946 966 alias
970 936 1008 966 R.
1030 935 1066 966 P.
1092 935 1238 966 Andreas
1263 935 1409 966 Schottus
1435 935 1504 965 Soc.
1532 936 1658 964 nostrae
1682 934 1775 964 Pres-

308 987 424 1028 byter'.

153 1053 225 1084 Non
248 1052 428 1084 indicantur
450 1052 543 1093 primi
566 1052 639 1083 libri
656 1051 791 1083 Genesis
816 1055 846 1082 et
861 1050 1007 1082 Exodus:
1037 1051 1155 1082 desinit
1177 1051 1208 1081 111
1234 1051 1312 1081 libro
1330 1049 1488 1081 Indicum:
1517 1049 1601 1080 unde
1625 1049 1776 1079 conicitur

157 1113 318 1145 diversum
342 1112 381 1143 ab
405 1112 462 1143 illa
485 1112 568 1152 triga
592 1112 705 1143 librum
730 1112 941 1143 Pulmannum
966 1111 1127 1142 habuisse
1157 1110 1212 1142 sed
1237 1110 1269 1141 in
1293 1110 1353 1141 fine
1377 1119 1478 1149 aeque
1502 1112 1678 1141 truncatum
1691 1112 1741 1138 ⁵¹⁰³.

239 1181 343 1222 Ipsius
367 1180 526 1211 b'irnlondi
550 1180 630 1211 liber
653 1180 797 1211 Exodum
822 1179 950 1219 quidem
976 1180 1161 1220 praebebat.
1190 1189 1251 1210 non
1275 1182 1380 1210 autem
1406 1178 1563 1209 Genesin:
1602 1188 1683 1217 quae
1708 1181 1777 1217 post

154 1241 296 1273 Indicum
321 1241 545 1281 sequebantur,
572 1244 627 1272 aut
650 1240 915 1272 desiderabantur
937 1243 992 1270 aut
1015 1240 1280 1280 neglegebantur.

239 1309 347 1341 Nostri
378 1309 525 1341 carminis
557 1309 695 1341 codicem
727 1309 905 1340 habuerunt
934 1308 1159 1339 Aldliclmus
1191 1311 1225 1339 et
1256 1307 1403 1347 Bedafflj.
1440 1307 1492 1346 qui
1523 1306 1644 1346 aliquot
1668 1315 1777 1337 versus

154 1370 228 1401 inde
251 1370 413 1411 proferunt
436 1379 498 1400 non
522 1369 630 1401 addito
653 1369 790 1400 auctoris
815 1369 957 1408 nomine,
989 1369 1079 1400 cuius
1103 1368 1163 1410 ipsi
1189 1371 1222 1399 ut
1244 1367 1369 1399 videtur
1392 1367 1496 1407 ignari
1521 1370 1620 1398 crant.
1669 1365 1777 1397 Qulcx

154 1434 259 1462 autem
284 1440 345 1470 quo
362 1429 552 1461 Aldhelmus
577 1429 731 1461 utebatur.
760 1429 887 1460 Avitum
914 1439 984 1460 eum
1003 1428 1162 1470 Cypriane
1186 1428 1347 1459 servabat.
1389 1427 1501 1457 Mirum
1527 1426 1655 1466 quidem
1680 1425 1779 1466 possit

155 1490 272 1529 videri7
307 1490 393 1530 quod
416 1500 486 1521 eun]
511 1489 663 1531 Cypriani
688 1489 810 1529 aliquot
834 1498 944 1520 versus
967 1489 1000 1520 in
1024 1489 1162 1530 epistula
1185 1488 1227 1519 ad
1250 1487 1407 1518 Acircium
1433 1487 1564 1518 lrabeat.
1594 1495 1672 1525 quos
1695 1486 1778 1516 infra

154 1550 343 1588 adscribam
372 1550 493 1581 nullum
516 1549 563 1581 ibi
586 1550 712 1590 legatur
735 1549 820 1580 Aviti
844 1549 1037 1589 exemplum.
1086 1548 1188 1579 Huius
1211 1552 1318 1579 tamen
1343 1547 1383 1578 ad
1409 1547 1574 1578 Fuscinam
1601 1546 1679 1577 libro
1704 1555 1777 1576 con-

155 1610 262 1641 silium
288 1610 355 1641 sine
380 1609 475 1641 dubio
499 1609 594 1641 debet
618 1609 766 1641 carminis
790 1609 829 1641 de
853 1609 1002 1640 laudibus
1027 1608 1195 1649 virginum.
1223 1608 1256 1638 111
1279 1618 1343 1648 qua
1367 1607 1461 1638 etiarn
1479 1606 1625 1646 Eugenia
1647 1605 1704 1636 illa
1729 1605 1777 1643 (ab

156 1671 251 1702 Avito
275 1681 326 1701 vv.
355 1671 416 1700 503
434 1680 503 1710 sqq.
530 1669 670 1709 laudata)
699 1669 887 1700 celebratur.

241 1743 464 1775 Aldhelmus
487 1737 584 1783 igitur
607 1743 639 1773 in
664 1742 832 1783 epistula
855 1741 901 1773 ad
925 1742 1112 1773 Acii-cium
1136 1741 1215 1772 haec
1239 1741 1352 1772 habet:

396 1818 425 1848 p.
454 1808 511 1838 ⁰281
551 1809 603 1838 ‘ut
634 1807 688 1838 illc
720 1806 883 1837 versificus
914 1806 1048 1847 septimo
1081 1805 1208 1836 divinae
1232 1805 1313 1845 legis
1338 1805 1418 1835 libro
1444 1804 1484 1835 dc
1509 1803 1623 1845 pellice
1649 1802 1777 1833 fraudu-

311 1860 398 1890 lenta
421 1858 603 1890 Samsonis.
639 1868 720 1898 quae
751 1858 886 1889 subdola
918 1858 1088 1898 pellicatus
1112 1857 1317 1898 persuasione
1343 1865 1528 1897 synagogae
1553 1858 1661 1895 typum
1687 1864 1779 1893 prue—

310 1910 392 1949 tulit7
420 1910 584 1950 eleganter
608 1910 760 1941 cecinisse
785 1913 976 1941 memoratur
999 1909 1107 1940 dicens
1136 1919 1176 1948 y.
1203 1909 1297 1938 619³:

515 1969 680 2011 Suspensa
703 1970 800 2001 nectit
824 1969 936 2001 dextra
960 1969 1104 2011 palisque
1131 1968 1295 2000 reflectens

312 2034 342 2062 et
365 2030 449 2061 infra
476 2033 516 2069 [v.
545 2031 639 2069 omi:

516 2090 660 2121 Exiliens
691 2089 808 2130 [inquit]
837 2089 927 2121 reicit
949 2089 1039 2130 palos
1064 2089 1245 2128 crinemque
1269 2087 1426 2119 rcnodat’.

396 2162 427 2192 p.
455 2152 515 2180 244
544 2151 641 2181 ·libro
665 2149 809 2181 Indicum

519 2210 730 2251 Septuaginta
754 2210 840 2250 prius
864 2213 1025 2241 truncarat
1049 2219 1180 2250 corpora
1204 2210 1340 2248 regum'.

158 2280 358 2312 desideratur
388 2289 498 2311 versus
528 2279 560 2309 in
585 2278 866 2310 Laudunensibus:
901 2288 998 2318 quare
1027 2288 1066 2308 ex
1091 2277 1170 2308 libro
1195 2278 1335 2317 Regum,
1370 2276 1423 2316 qui
1447 2276 1478 2307 in
1504 2274 1704 2306 Laurissensi
1730 2284 1781 2303 co-

244 2419 283 2447 59)
309 2418 450 2447 Uategoriae
470 2421 544 2448 puto,
572 2424 634 2447 quae
655 2418 684 2440 ab
705 2417 848 2446 Augustino
868 2417 944 2439 latine
966 2423 1048 2439 versae
1068 2419 1142 2442 sunt,
1166 2423 1227 2445 quas
1247 2416 1358 2438 continet
1379 2418 1476 2444 praetor
1495 2415 1555 2436 alios
1575 2414 1636 2435 liber
1657 2412 1778 2434 Vindobo-

160 2462 245 2484 nensis
265 2461 312 2484 843
333 2469 352 2484 s.
374 2461 405 2485 X.

249 2505 290 2533 ¹³0)
312 2504 379 2532 Quae
400 2504 463 2526 sixti
485 2504 603 2527 Senensis
622 2503 789 2526 Bibliothecae.
809 2510 891 2526 sacrae
910 2503 970 2525 libro
990 2503 1053 2531 1111,
1077 2502 1191 2530 Lugduni
1214 2501 1276 2524 1575
1298 2502 1338 2524 fol.
1361 2509 1384 2531 p.
1407 2500 1464 2524 229.
1487 2500 1500 2522 2
1527 2500 1644 2521 «licuntur
1664 2498 1732 2519 Aviti
1753 2497 1781 2518 ‹lc

159 2548 250 2570 Genesi
278 2550 302 2570 et
323 2548 406 2569 Exodo
428 2548 535 2569 carmina
555 2547 580 2569 iu
600 2547 746 2569 bibliotheca
765 2546 907 2575 Woifgangi
927 2546 992 2567 Lazii
1014 2545 1167 2567 Vindobonis
1187 2548 1285 2570 extare,
1314 2551 1398 2573 parum
1420 2546 1483 2565 rorte
1504 2542 1627 2564 Historiae
1647 2540 1781 2562 litteraria<¹

160 2591 289 2613 Erant-icae
310 2593 418 2612 auctores
438 2590 473 2612 ΙΙΙ
491 2589 535 2612 135
556 2590 585 2612 ad
604 2590 721 2618 Cypriani
742 2590 817 2612 nostri
838 2590 946 2611 carmina
966 2589 1094 2615 reserunt3
1118 2588 1233 2610 :miliana
1254 2590 1311 2609 sunt
1331 2590 1355 2609 et
1375 2587 1456 2608 nes-io
1475 2593 1505 2607 an
1525 2585 1601 2606 codex
1621 2583 1780 2612 Guspnnani.

161 2635 202 2663 qui
223 2640 289 2656 nunc
309 2636 347 2655 est
366 2634 389 2655 in
409 2633 466 2656 bibl.
490 2633 614 2662 imperiali
635 2632 830 2662 vindobonensi,
852 2633 1016 2660 significetur.

247 2676 287 2703 ol}
310 2676 373 2698 Vera
394 2676 512 2705 quaedam
532 2676 602 2697 falsis
622 2675 769 2704 interposita
788 2676 881 2703 profert
900 2675 929 2697 «111
952 2674 1116 2703 heptateucho
1136 2674 1244 2695 carmine
1264 2676 1365 2695 trin-tato
1388 2673 1413 2694 1..
1431 2671 1543 2697 Mueller,
1566 2670 1602 2692 Zu
1618 2669 1715 2691 Ennius
1730 2669 1779 2690 und

161 2719 207 2742 den
228 2719 385 2741 ehristliclien
406 2718 533 2746 Dichtern⁷
557 2718 601 2740 Rh.
618 2717 682 2740 Mus.
704 2718 765 2740 XXI
789 2717 870 2747 (1866)
893 2726 918 2747 p.
937 2717 1077 2741 12:5—11523,
1101 2717 1136 2739 Zu
1156 2716 1322 2743 Hieronymus
1343 2715 1457 2737 l'orlirins
1477 2713 1526 2735 und
1547 2713 1658 2735 Animus
1680 2712 1777 2738 Avitus,

162 2762 225 2785 ibid.
248 2769 272 2791 p.
294 2760 437 2785 2153—272.
