<?xml version="1.0" encoding="UTF-8"?>
<!DOCTYPE html PUBLIC "-//W3C//DTD XHTML 1.0 Transitional//EN"
    "http://www.w3.org/TR/xhtml1/DTD/xhtml1-transitional.dtd">
<html xmlns="http://www.w3.org/1999/xhtml" xml:lang="en" lang="en">
 <head>
  <title>
</title>
<meta http-equiv="Content-Type" content="text/html;charset=utf-8" />
  <meta name='ocr-system' content='tesseract 3.04.00' />
  <meta name='ocr-capabilities' content='ocr_page ocr_carea ocr_par ocr_line ocrx_word'/>
</head>
<body>
  <div class='ocr_page' id='page_1' title='image "./p2monumentagerma06geseuoft_0435.png"; bbox 0 0 2064 2973; ppageno 0'>
   <div class='ocr_carea' id='block_1_1' title="bbox 0 1340 4 2035">
    <p class='ocr_par' dir='ltr' id='par_1_1' title="bbox 0 1340 4 2035">
     <span class='ocr_line' id='line_1_1' title="bbox 0 1340 4 2035; baseline 0 0"><span class='ocrx_word' id='word_1_1' title='bbox 0 1340 4 2035; x_wconf 95' lang='lat' dir='ltr'> </span> 
     </span>
    </p>
   </div>
   <div class='ocr_carea' id='block_1_2' title="bbox 0 1340 4 2035">
    <p class='ocr_par' dir='ltr' id='par_1_2' title="bbox 0 1340 4 2035">
     <span class='ocr_line' id='line_1_2' title="bbox 0 1340 4 2035; baseline 0 0"><span class='ocrx_word' id='word_1_2' title='bbox 0 1340 4 2035; x_wconf 95' lang='lat' dir='ltr'> </span> 
     </span>
    </p>
   </div>
   <div class='ocr_carea' id='block_1_3' title="bbox 0 1340 6 2035">
    <p class='ocr_par' dir='ltr' id='par_1_3' title="bbox 0 1340 6 2035">
     <span class='ocr_line' id='line_1_3' title="bbox 0 1340 6 2035; baseline 0 0"><span class='ocrx_word' id='word_1_3' title='bbox 0 1340 6 2035; x_wconf 95' lang='lat' dir='ltr'> </span> 
     </span>
    </p>
   </div>
   <div class='ocr_carea' id='block_1_4' title="bbox 0 2031 19 2973">
    <p class='ocr_par' dir='ltr' id='par_1_4' title="bbox 0 2031 19 2973">
     <span class='ocr_line' id='line_1_4' title="bbox 0 2031 19 2973; baseline 0 0"><span class='ocrx_word' id='word_1_4' title='bbox 0 2031 19 2973; x_wconf 95' lang='lat' dir='ltr'> </span> 
     </span>
    </p>
   </div>
   <div class='ocr_carea' id='block_1_5' title="bbox 588 141 1415 169">
    <p class='ocr_par' dir='ltr' id='par_1_5' title="bbox 588 141 1415 169">
     <span class='ocr_line' id='line_1_5' title="bbox 588 141 1415 169; baseline 0.001 -2"><span class='ocrx_word' id='word_1_5' title='bbox 588 141 637 167; x_wconf 89' lang='grc' dir='ltr'>ΙΙΙ.</span> <span class='ocrx_word' id='word_1_6' title='bbox 660 141 777 167; x_wconf 86' lang='lat' dir='ltr'>INDEX</span> <span class='ocrx_word' id='word_1_7' title='bbox 799 142 1002 168; x_wconf 81' lang='lat' dir='ltr'>VERBORVM</span> <span class='ocrx_word' id='word_1_8' title='bbox 1023 142 1070 168; x_wconf 82' lang='lat' dir='ltr'>ET</span> <span class='ocrx_word' id='word_1_9' title='bbox 1091 142 1341 169; x_wconf 86' lang='lat' dir='ltr'>LOCVTIONVM.</span> <span class='ocrx_word' id='word_1_10' title='bbox 1381 143 1415 168; x_wconf 81' lang='lat' dir='ltr'>A.</span> 
     </span>
    </p>
   </div>
   <div class='ocr_carea' id='block_1_6' title="bbox 196 237 995 369">
    <p class='ocr_par' dir='ltr' id='par_1_6' title="bbox 233 237 994 267">
     <span class='ocr_line' id='line_1_6' title="bbox 233 237 994 267; baseline 0 -7"><span class='ocrx_word' id='word_1_11' title='bbox 233 238 303 260; x_wconf 84' lang='lat' dir='ltr'>ordia</span> <span class='ocrx_word' id='word_1_12' title='bbox 321 238 380 266; x_wconf 86' lang='lat' dir='ltr'>quia</span> <span class='ocrx_word' id='word_1_13' title='bbox 398 237 544 259; x_wconf 82' lang='lat' dir='ltr'>obtinuistis</span> <span class='ocrx_word' id='word_1_14' title='bbox 563 238 689 266; x_wconf 85' lang='lat' dir='ltr'>suffragio,</span> <span class='ocrx_word' id='word_1_15' title='bbox 712 238 831 260; x_wconf 85' lang='lat' dir='ltr'>visitastis</span> <span class='ocrx_word' id='word_1_16' title='bbox 845 238 933 260; x_wconf 82' lang='lat' dir='ltr'>affectu</span> <span class='ocrx_word' id='word_1_17' title='bbox 953 237 994 267; x_wconf 67' lang='grc'>68,</span> 
     </span>
    </p>

    <p class='ocr_par' dir='ltr' id='par_1_7' title="bbox 196 271 995 335">
     <span class='ocr_line' id='line_1_7' title="bbox 233 271 908 301; baseline 0 -6"><span class='ocrx_word' id='word_1_18' title='bbox 233 276 244 295; x_wconf 84' lang='grc'>2</span> <span class='ocrx_word' id='word_1_19' title='bbox 282 271 454 300; x_wconf 76' lang='lat' dir='ltr'>suffragiorum</span> <span class='ocrx_word' id='word_1_20' title='bbox 474 274 612 294; x_wconf 83' lang='lat' dir='ltr'>vestrorum</span> <span class='ocrx_word' id='word_1_21' title='bbox 632 272 795 301; x_wconf 78' lang='lat' dir='ltr'>prosperitate</span> <span class='ocrx_word' id='word_1_22' title='bbox 815 271 854 301; x_wconf 82' lang='lat'>88,</span> <span class='ocrx_word' id='word_1_23' title='bbox 879 275 908 295; x_wconf 86' lang='grc'>25</span> 
     </span>
     <span class='ocr_line' id='line_1_8' title="bbox 196 303 995 335; baseline 0 -7"><span class='ocrx_word' id='word_1_24' title='bbox 196 311 373 334; x_wconf 73' lang='lat' dir='ltr'>suggerere</span> <span class='ocrx_word' id='word_1_25' title='bbox 393 303 433 333; x_wconf 84' lang='lat'>58,</span> <span class='ocrx_word' id='word_1_26' title='bbox 454 309 481 328; x_wconf 80' lang='lat'>15</span> <span class='ocrx_word' id='word_1_27' title='bbox 519 312 622 334; x_wconf 81' lang='lat' dir='ltr'>suggero</span> <span class='ocrx_word' id='word_1_28' title='bbox 643 306 682 335; x_wconf 92' lang='lat'>50,</span> <span class='ocrx_word' id='word_1_29' title='bbox 702 310 739 329; x_wconf 82' lang='lat'>15.</span> <span class='ocrx_word' id='word_1_30' title='bbox 763 305 803 335; x_wconf 85' lang='lat'>76,</span> <span class='ocrx_word' id='word_1_31' title='bbox 820 310 850 329; x_wconf 80' lang='grc'>25</span> <span class='ocrx_word' id='word_1_32' title='bbox 882 309 995 335; x_wconf 78' lang='lat' dir='ltr'>suggerat</span> 
     </span>
    </p>

    <p class='ocr_par' dir='ltr' id='par_1_8' title="bbox 230 338 992 369">
     <span class='ocr_line' id='line_1_9' title="bbox 230 338 992 369; baseline -0.001 -6"><span class='ocrx_word' id='word_1_33' title='bbox 230 339 270 369; x_wconf 86' lang='grc'>73,</span> <span class='ocrx_word' id='word_1_34' title='bbox 289 344 316 363; x_wconf 84' lang='lat'>31</span> <span class='ocrx_word' id='word_1_35' title='bbox 350 340 464 367; x_wconf 82' lang='lat' dir='ltr'>suggessi</span> <span class='ocrx_word' id='word_1_36' title='bbox 479 338 519 368; x_wconf 86' lang='grc'>32,</span> <span class='ocrx_word' id='word_1_37' title='bbox 541 344 578 363; x_wconf 79' lang='grc'>13.</span> <span class='ocrx_word' id='word_1_38' title='bbox 601 340 640 369; x_wconf 82' lang='grc'>48,</span> <span class='ocrx_word' id='word_1_39' title='bbox 659 343 688 363; x_wconf 82' lang='grc'>22</span> <span class='ocrx_word' id='word_1_40' title='bbox 721 341 817 369; x_wconf 79' lang='lat' dir='ltr'>suggeri</span> <span class='ocrx_word' id='word_1_41' title='bbox 834 339 873 369; x_wconf 82' lang='grc'>14,</span> <span class='ocrx_word' id='word_1_42' title='bbox 890 345 929 363; x_wconf 69' lang='grc'>31.</span> <span class='ocrx_word' id='word_1_43' title='bbox 952 340 992 368; x_wconf 77' lang='grc'>31,</span> 
     </span>
    </p>
   </div>
   <div class='ocr_carea' id='block_1_7' title="bbox 231 374 1010 471">
    <p class='ocr_par' dir='ltr' id='par_1_9' title="bbox 231 374 1010 471">
     <span class='ocr_line' id='line_1_10' title="bbox 231 374 1009 404; baseline 0 -7"><span class='ocrx_word' id='word_1_44' title='bbox 231 378 272 397; x_wconf 87' lang='grc'>27.</span> <span class='ocrx_word' id='word_1_45' title='bbox 287 374 327 403; x_wconf 86' lang='grc'>40,</span> <span class='ocrx_word' id='word_1_46' title='bbox 343 378 354 397; x_wconf 82' lang='lat' dir='ltr'>S</span> <span class='ocrx_word' id='word_1_47' title='bbox 370 374 412 402; x_wconf 75' lang='lat' dir='ltr'>(sic</span> <span class='ocrx_word' id='word_1_48' title='bbox 423 380 467 402; x_wconf 78' lang='lat' dir='ltr'>pro</span> <span class='ocrx_word' id='word_1_49' title='bbox 482 374 558 402; x_wconf 89' lang='lat' dir='ltr'>ingeri</span> <span class='ocrx_word' id='word_1_50' title='bbox 570 374 699 402; x_wconf 75' lang='lat' dir='ltr'>leyendum</span> <span class='ocrx_word' id='word_1_51' title='bbox 708 374 822 401; x_wconf 74' lang='lat' dir='ltr'>videtur).</span> <span class='ocrx_word' id='word_1_52' title='bbox 839 374 880 404; x_wconf 83' lang='lat'>49,</span> <span class='ocrx_word' id='word_1_53' title='bbox 895 378 934 397; x_wconf 79' lang='grc'>25.</span> <span class='ocrx_word' id='word_1_54' title='bbox 952 374 992 402; x_wconf 87' lang='grc'>60,</span> <span class='ocrx_word' id='word_1_55' title='bbox 1008 385 1009 392; x_wconf 59' lang='grc'>1</span> 
     </span>
     <span class='ocr_line' id='line_1_11' title="bbox 233 405 1010 438; baseline -0.001 -7"><span class='ocrx_word' id='word_1_56' title='bbox 233 413 244 431; x_wconf 74' lang='lat' dir='ltr'>o</span> <span class='ocrx_word' id='word_1_57' title='bbox 283 408 433 436; x_wconf 81' lang='lat' dir='ltr'>suggesserit</span> <span class='ocrx_word' id='word_1_58' title='bbox 454 407 494 437; x_wconf 80' lang='grc'>32,</span> <span class='ocrx_word' id='word_1_59' title='bbox 513 411 541 431; x_wconf 79' lang='grc'>20</span> <span class='ocrx_word' id='word_1_60' title='bbox 581 409 763 438; x_wconf 78' lang='lat' dir='ltr'>suggessissent</span> <span class='ocrx_word' id='word_1_61' title='bbox 782 408 822 438; x_wconf 90' lang='grc'>2-1,</span> <span class='ocrx_word' id='word_1_62' title='bbox 840 413 868 431; x_wconf 70' lang='grc'>211</span> <span class='ocrx_word' id='word_1_63' title='bbox 907 405 1010 437; x_wconf 56' lang='lat' dir='ltr'>sugge-1¹</span> 
     </span>
     <span class='ocr_line' id='line_1_12' title="bbox 233 441 1009 471; baseline 0.001 -7"><span class='ocrx_word' id='word_1_64' title='bbox 233 442 337 465; x_wconf 87' lang='lat' dir='ltr'>rendum</span> <span class='ocrx_word' id='word_1_65' title='bbox 351 441 392 470; x_wconf 84' lang='lat'>29,</span> <span class='ocrx_word' id='word_1_66' title='bbox 411 445 440 464; x_wconf 83' lang='lat'>25</span> <span class='ocrx_word' id='word_1_67' title='bbox 473 442 651 470; x_wconf 82' lang='lat' dir='ltr'>suggerendam</span> <span class='ocrx_word' id='word_1_68' title='bbox 666 442 706 471; x_wconf 87' lang='lat'>22,</span> <span class='ocrx_word' id='word_1_69' title='bbox 726 447 752 465; x_wconf 83' lang='grc'>10</span> <span class='ocrx_word' id='word_1_70' title='bbox 786 443 937 471; x_wconf 83' lang='lat' dir='ltr'>suggerenda</span> <span class='ocrx_word' id='word_1_71' title='bbox 952 443 992 471; x_wconf 76' lang='lat'>64,</span> <span class='ocrx_word' id='word_1_72' title='bbox 1008 442 1009 445; x_wconf 73' lang='grc'>’</span> 
     </span>
    </p>
   </div>
   <div class='ocr_carea' id='block_1_8' title="bbox 196 476 997 1123">
    <p class='ocr_par' dir='ltr' id='par_1_10' title="bbox 231 476 995 780">
     <span class='ocr_line' id='line_1_13' title="bbox 234 476 993 500; baseline -0.001 0"><span class='ocrx_word' id='word_1_73' title='bbox 234 481 258 500; x_wconf 89' lang='grc'>11</span> <span class='ocrx_word' id='word_1_74' title='bbox 299 476 361 499; x_wconf 88' lang='lat' dir='ltr'>illud</span> <span class='ocrx_word' id='word_1_75' title='bbox 384 483 428 498; x_wconf 82' lang='lat' dir='ltr'>nec</span> <span class='ocrx_word' id='word_1_76' title='bbox 447 483 501 499; x_wconf 88' lang='lat' dir='ltr'>esse</span> <span class='ocrx_word' id='word_1_77' title='bbox 520 477 547 498; x_wconf 87' lang='lat' dir='ltr'>in</span> <span class='ocrx_word' id='word_1_78' title='bbox 567 478 651 499; x_wconf 85' lang='lat' dir='ltr'>eadem</span> <span class='ocrx_word' id='word_1_79' title='bbox 670 477 774 499; x_wconf 87' lang='lat' dir='ltr'>lectione</span> <span class='ocrx_word' id='word_1_80' title='bbox 794 483 838 499; x_wconf 82' lang='lat' dir='ltr'>nec</span> <span class='ocrx_word' id='word_1_81' title='bbox 854 477 882 499; x_wconf 91' lang='lat' dir='ltr'>ad</span> <span class='ocrx_word' id='word_1_82' title='bbox 897 484 993 499; x_wconf 83' lang='lat' dir='ltr'>causam</span> 
     </span>
     <span class='ocr_line' id='line_1_14' title="bbox 231 510 994 540; baseline 0 -6"><span class='ocrx_word' id='word_1_83' title='bbox 231 517 335 540; x_wconf 81' lang='lat' dir='ltr'>suggero</span> <span class='ocrx_word' id='word_1_84' title='bbox 348 511 474 540; x_wconf 89' lang='lat' dir='ltr'>pertinere</span> <span class='ocrx_word' id='word_1_85' title='bbox 489 511 530 539; x_wconf 91' lang='lat'>55,</span> <span class='ocrx_word' id='word_1_86' title='bbox 548 515 558 533; x_wconf 89' lang='lat'><strong>7</strong></span> <span class='ocrx_word' id='word_1_87' title='bbox 586 518 651 533; x_wconf 88' lang='lat' dir='ltr'>arma</span> <span class='ocrx_word' id='word_1_88' title='bbox 665 514 807 539; x_wconf 81' lang='lat' dir='ltr'>suggereret</span> <span class='ocrx_word' id='word_1_89' title='bbox 821 510 861 540; x_wconf 72' lang='lat'>83,</span> <span class='ocrx_word' id='word_1_90' title='bbox 882 515 908 534; x_wconf 73' lang='lat' dir='ltr'>is</span> <span class='ocrx_word' id='word_1_91' title='bbox 936 519 994 539; x_wconf 86' lang='lat' dir='ltr'>sug-</span> 
     </span>
     <span class='ocr_line' id='line_1_15' title="bbox 231 545 995 574; baseline -0.001 -6"><span class='ocrx_word' id='word_1_92' title='bbox 231 546 296 574; x_wconf 81' lang='lat' dir='ltr'>gessi</span> <span class='ocrx_word' id='word_1_93' title='bbox 316 545 380 574; x_wconf 87' lang='lat' dir='ltr'>quod</span> <span class='ocrx_word' id='word_1_94' title='bbox 399 545 545 567; x_wconf 82' lang='lat' dir='ltr'>rationabile</span> <span class='ocrx_word' id='word_1_95' title='bbox 565 545 657 568; x_wconf 84' lang='lat' dir='ltr'>credidi</span> <span class='ocrx_word' id='word_1_96' title='bbox 683 545 724 574; x_wconf 82' lang='lat'>49,</span> <span class='ocrx_word' id='word_1_97' title='bbox 750 549 776 568; x_wconf 81' lang='lat' dir='ltr'>is</span> <span class='ocrx_word' id='word_1_98' title='bbox 816 552 946 574; x_wconf 86' lang='lat' dir='ltr'>suggerere</span> <span class='ocrx_word' id='word_1_99' title='bbox 969 552 995 567; x_wconf 90' lang='lat' dir='ltr'>ac</span> 
     </span>
     <span class='ocr_line' id='line_1_16' title="bbox 231 578 992 608; baseline 0 -6"><span class='ocrx_word' id='word_1_100' title='bbox 231 586 330 602; x_wconf 84' lang='lat' dir='ltr'>monere</span> <span class='ocrx_word' id='word_1_101' title='bbox 345 578 386 608; x_wconf 83' lang='lat'>89,</span> <span class='ocrx_word' id='word_1_102' title='bbox 403 582 431 602; x_wconf 84' lang='grc'>28</span> <span class='ocrx_word' id='word_1_103' title='bbox 470 579 640 608; x_wconf 75' lang='lat' dir='ltr'>exemplorum</span> <span class='ocrx_word' id='word_1_104' title='bbox 660 586 789 601; x_wconf 89' lang='lat' dir='ltr'>numerum</span> <span class='ocrx_word' id='word_1_105' title='bbox 805 586 935 608; x_wconf 80' lang='lat' dir='ltr'>suggerere</span> <span class='ocrx_word' id='word_1_106' title='bbox 952 579 992 605; x_wconf 79' lang='lat'>(32.</span> 
     </span>
     <span class='ocr_line' id='line_1_17' title="bbox 233 613 995 642; baseline -0.001 -5"><span class='ocrx_word' id='word_1_107' title='bbox 233 619 245 637; x_wconf 82' lang='lat'>5</span> <span class='ocrx_word' id='word_1_108' title='bbox 283 614 406 642; x_wconf 82' lang='lat' dir='ltr'>suggerite</span> <span class='ocrx_word' id='word_1_109' title='bbox 422 613 577 636; x_wconf 86' lang='lat' dir='ltr'>reverentiae</span> <span class='ocrx_word' id='word_1_110' title='bbox 596 614 731 636; x_wconf 86' lang='lat' dir='ltr'>iussionem</span> <span class='ocrx_word' id='word_1_111' title='bbox 753 613 792 641; x_wconf 88' lang='lat'>77,</span> <span class='ocrx_word' id='word_1_112' title='bbox 812 618 823 637; x_wconf 75' lang='lat'><strong>3</strong></span> <span class='ocrx_word' id='word_1_113' title='bbox 861 615 910 636; x_wconf 86' lang='lat' dir='ltr'>scio</span> <span class='ocrx_word' id='word_1_114' title='bbox 930 614 995 636; x_wconf 88' lang='lat' dir='ltr'>curis</span> 
     </span>
     <span class='ocr_line' id='line_1_18' title="bbox 231 647 993 677; baseline 0 -7"><span class='ocrx_word' id='word_1_115' title='bbox 231 649 371 677; x_wconf 86' lang='lat' dir='ltr'>importune</span> <span class='ocrx_word' id='word_1_116' title='bbox 391 648 488 676; x_wconf 79' lang='lat' dir='ltr'>suggeri</span> <span class='ocrx_word' id='word_1_117' title='bbox 508 648 639 670; x_wconf 86' lang='lat' dir='ltr'>servitium</span> <span class='ocrx_word' id='word_1_118' title='bbox 658 648 797 670; x_wconf 84' lang='lat' dir='ltr'>litterarum</span> <span class='ocrx_word' id='word_1_119' title='bbox 817 647 857 675; x_wconf 83' lang='grc'>09,</span> <span class='ocrx_word' id='word_1_120' title='bbox 881 654 892 670; x_wconf 68' lang='lat' dir='ltr'>:i</span> <span class='ocrx_word' id='word_1_121' title='bbox 931 649 993 677; x_wconf 91' lang='lat' dir='ltr'>quod</span> 
     </span>
     <span class='ocr_line' id='line_1_19' title="bbox 231 681 994 711; baseline 0 -7"><span class='ocrx_word' id='word_1_122' title='bbox 231 683 301 705; x_wconf 88' lang='lat' dir='ltr'>nobis</span> <span class='ocrx_word' id='word_1_123' title='bbox 320 684 467 710; x_wconf 87' lang='lat' dir='ltr'>suggestum</span> <span class='ocrx_word' id='word_1_124' title='bbox 487 684 525 704; x_wconf 89' lang='lat' dir='ltr'>est</span> <span class='ocrx_word' id='word_1_125' title='bbox 549 681 589 711; x_wconf 87' lang='lat'>65,</span> <span class='ocrx_word' id='word_1_126' title='bbox 613 685 642 704; x_wconf 71' lang='grc'>211</span> <span class='ocrx_word' id='word_1_127' title='bbox 680 682 708 704; x_wconf 87' lang='lat' dir='ltr'>ad</span> <span class='ocrx_word' id='word_1_128' title='bbox 728 683 850 711; x_wconf 87' lang='lat' dir='ltr'>proposita</span> <span class='ocrx_word' id='word_1_129' title='bbox 868 683 931 711; x_wconf 90' lang='lat' dir='ltr'>quod</span> <span class='ocrx_word' id='word_1_130' title='bbox 952 689 994 711; x_wconf 44' lang='lat' dir='ltr'>po*</span> 
     </span>
     <span class='ocr_line' id='line_1_20' title="bbox 231 716 993 745; baseline -0.001 -6"><span class='ocrx_word' id='word_1_131' title='bbox 231 718 280 739; x_wconf 90' lang='lat' dir='ltr'>tuit</span> <span class='ocrx_word' id='word_1_132' title='bbox 298 717 409 745; x_wconf 86' lang='lat' dir='ltr'>placere,</span> <span class='ocrx_word' id='word_1_133' title='bbox 432 718 575 745; x_wconf 87' lang='lat' dir='ltr'>suggestum</span> <span class='ocrx_word' id='word_1_134' title='bbox 595 720 632 739; x_wconf 85' lang='lat' dir='ltr'>est</span> <span class='ocrx_word' id='word_1_135' title='bbox 659 716 699 744; x_wconf 86' lang='lat'>55,</span> <span class='ocrx_word' id='word_1_136' title='bbox 723 720 751 739; x_wconf 68' lang='lat'>213</span> <span class='ocrx_word' id='word_1_137' title='bbox 790 717 993 740; x_wconf 76' lang='lat' dir='ltr'>intercessionem</span> 
     </span>
     <span class='ocr_line' id='line_1_21' title="bbox 232 749 525 780; baseline 0 -7"><span class='ocrx_word' id='word_1_138' title='bbox 232 750 412 779; x_wconf 83' lang='lat' dir='ltr'>suggerendam</span> <span class='ocrx_word' id='word_1_139' title='bbox 432 749 472 780; x_wconf 87' lang='grc'>73,</span> <span class='ocrx_word' id='word_1_140' title='bbox 500 754 525 773; x_wconf 83' lang='grc'>19</span> 
     </span>
    </p>

    <p class='ocr_par' dir='ltr' id='par_1_11' title="bbox 197 784 730 815">
     <span class='ocr_line' id='line_1_22' title="bbox 197 784 730 815; baseline 0.002 -7"><span class='ocrx_word' id='word_1_141' title='bbox 197 785 376 815; x_wconf 82' lang='lat' dir='ltr'>suggestio:</span> <span class='ocrx_word' id='word_1_142' title='bbox 399 785 428 807; x_wconf 87' lang='lat' dir='ltr'>ad</span> <span class='ocrx_word' id='word_1_143' title='bbox 449 786 632 813; x_wconf 85' lang='lat' dir='ltr'>suggestionem</span> <span class='ocrx_word' id='word_1_144' title='bbox 655 784 695 813; x_wconf 83' lang='lat'>75,</span> <span class='ocrx_word' id='word_1_145' title='bbox 719 790 730 808; x_wconf 73' lang='lat'><strong>9</strong></span> 
     </span>
    </p>

    <p class='ocr_par' dir='ltr' id='par_1_12' title="bbox 196 818 628 849">
     <span class='ocr_line' id='line_1_23' title="bbox 196 818 628 849; baseline 0 -7"><span class='ocrx_word' id='word_1_146' title='bbox 196 820 262 842; x_wconf 90' lang='lat' dir='ltr'>sui:</span> <span class='ocrx_word' id='word_1_147' title='bbox 284 820 309 841; x_wconf 93' lang='lat' dir='ltr'>in</span> <span class='ocrx_word' id='word_1_148' title='bbox 329 820 367 842; x_wconf 83' lang='lat' dir='ltr'>sui</span> <span class='ocrx_word' id='word_1_149' title='bbox 388 820 498 842; x_wconf 87' lang='lat' dir='ltr'>novitate</span> <span class='ocrx_word' id='word_1_150' title='bbox 520 818 578 849; x_wconf 87' lang='grc'>110,</span> <span class='ocrx_word' id='word_1_151' title='bbox 601 824 628 842; x_wconf 80' lang='grc'>37</span> 
     </span>
    </p>

    <p class='ocr_par' dir='ltr' id='par_1_13' title="bbox 196 853 996 917">
     <span class='ocr_line' id='line_1_24' title="bbox 196 853 996 883; baseline -0.001 -7"><span class='ocrx_word' id='word_1_152' title='bbox 196 854 341 876; x_wconf 82' lang='lat' dir='ltr'>sulcare:</span> <span class='ocrx_word' id='word_1_153' title='bbox 377 853 520 883; x_wconf 63' lang='lat' dir='ltr'>(exiguutas</span> <span class='ocrx_word' id='word_1_154' title='bbox 545 854 648 883; x_wconf 83' lang='lat' dir='ltr'>paginae</span> <span class='ocrx_word' id='word_1_155' title='bbox 673 854 729 876; x_wconf 91' lang='lat' dir='ltr'>stilo</span> <span class='ocrx_word' id='word_1_156' title='bbox 754 854 862 875; x_wconf 82' lang='lat' dir='ltr'>acutiore</span> <span class='ocrx_word' id='word_1_157' title='bbox 885 853 996 876; x_wconf 73' lang='lat' dir='ltr'>sulcatur</span> 
     </span>
     <span class='ocr_line' id='line_1_25' title="bbox 235 887 345 917; baseline 0 -6"><span class='ocrx_word' id='word_1_158' title='bbox 235 887 293 917; x_wconf 78' lang='grc'>142,</span> <span class='ocrx_word' id='word_1_159' title='bbox 316 892 345 911; x_wconf 84' lang='lat'>15</span> 
     </span>
    </p>

    <p class='ocr_par' dir='ltr' id='par_1_14' title="bbox 197 921 689 952">
     <span class='ocr_line' id='line_1_26' title="bbox 197 921 689 952; baseline 0 -7"><span class='ocrx_word' id='word_1_160' title='bbox 197 929 334 945; x_wconf 85' lang='lat' dir='ltr'>sumere:</span> <span class='ocrx_word' id='word_1_161' title='bbox 357 922 451 951; x_wconf 87' lang='lat' dir='ltr'>sumpti</span> <span class='ocrx_word' id='word_1_162' title='bbox 471 923 576 952; x_wconf 89' lang='lat' dir='ltr'>corporis</span> <span class='ocrx_word' id='word_1_163' title='bbox 596 921 636 951; x_wconf 82' lang='lat'>24,</span> <span class='ocrx_word' id='word_1_164' title='bbox 660 928 689 946; x_wconf 70' lang='lat'>:315</span> 
     </span>
    </p>

    <p class='ocr_par' dir='ltr' id='par_1_15' title="bbox 197 956 916 1020">
     <span class='ocr_line' id='line_1_27' title="bbox 197 956 916 985; baseline -0.001 -6"><span class='ocrx_word' id='word_1_165' title='bbox 197 964 328 979; x_wconf 87' lang='lat' dir='ltr'>summa:</span> <span class='ocrx_word' id='word_1_166' title='bbox 363 963 459 979; x_wconf 86' lang='lat' dir='ltr'>omnem</span> <span class='ocrx_word' id='word_1_167' title='bbox 478 957 649 984; x_wconf 79' lang='lat' dir='ltr'>indulgentiae</span> <span class='ocrx_word' id='word_1_168' title='bbox 675 964 795 979; x_wconf 81' lang='lat' dir='ltr'>suminam</span> <span class='ocrx_word' id='word_1_169' title='bbox 825 956 862 985; x_wconf 76' lang='lat'>13,</span> <span class='ocrx_word' id='word_1_170' title='bbox 889 961 916 979; x_wconf 71' lang='lat'>15»</span> 
     </span>
     <span class='ocr_line' id='line_1_28' title="bbox 231 990 481 1020; baseline 0 -7"><span class='ocrx_word' id='word_1_171' title='bbox 231 998 351 1013; x_wconf 86' lang='lat' dir='ltr'>summam</span> <span class='ocrx_word' id='word_1_172' title='bbox 374 990 429 1020; x_wconf 89' lang='lat'>126,</span> <span class='ocrx_word' id='word_1_173' title='bbox 453 995 481 1013; x_wconf 78' lang='grc'>37</span> 
     </span>
    </p>

    <p class='ocr_par' dir='ltr' id='par_1_16' title="bbox 198 1024 744 1054">
     <span class='ocr_line' id='line_1_29' title="bbox 198 1024 744 1054; baseline 0 -7"><span class='ocrx_word' id='word_1_174' title='bbox 198 1032 352 1048; x_wconf 90' lang='lat' dir='ltr'>summus:</span> <span class='ocrx_word' id='word_1_175' title='bbox 375 1032 485 1047; x_wconf 88' lang='lat' dir='ltr'>summos</span> <span class='ocrx_word' id='word_1_176' title='bbox 504 1026 632 1054; x_wconf 80' lang='lat' dir='ltr'>pontifices</span> <span class='ocrx_word' id='word_1_177' title='bbox 653 1024 693 1053; x_wconf 84' lang='lat'>98,</span> <span class='ocrx_word' id='word_1_178' title='bbox 717 1029 744 1047; x_wconf 73' lang='grc'>21</span> 
     </span>
    </p>

    <p class='ocr_par' dir='ltr' id='par_1_17' title="bbox 198 1058 997 1123">
     <span class='ocr_line' id='line_1_30' title="bbox 198 1058 996 1091; baseline -0.003 -10"><span class='ocrx_word' id='word_1_179' title='bbox 198 1067 232 1081; x_wconf 85' lang='lat' dir='ltr'>su</span> <span class='ocrx_word' id='word_1_180' title='bbox 242 1066 312 1091; x_wconf 84' lang='lat' dir='ltr'>per:</span> <span class='ocrx_word' id='word_1_181' title='bbox 335 1059 446 1089; x_wconf 72' lang='lat' dir='ltr'>planetu,</span> <span class='ocrx_word' id='word_1_182' title='bbox 466 1066 540 1088; x_wconf 87' lang='lat' dir='ltr'>quem</span> <span class='ocrx_word' id='word_1_183' title='bbox 561 1066 634 1089; x_wconf 85' lang='lat' dir='ltr'>super</span> <span class='ocrx_word' id='word_1_184' title='bbox 650 1060 796 1082; x_wconf 77' lang='lat' dir='ltr'>defunctum</span> <span class='ocrx_word' id='word_1_185' title='bbox 813 1059 929 1080; x_wconf 82' lang='lat' dir='ltr'>Lazarum</span> <span class='ocrx_word' id='word_1_186' title='bbox 949 1058 996 1080; x_wconf 86' lang='lat' dir='ltr'>irn-</span> 
     </span>
     <span class='ocr_line' id='line_1_31' title="bbox 233 1092 997 1123; baseline -0.003 -7"><span class='ocrx_word' id='word_1_187' title='bbox 233 1094 321 1123; x_wconf 89' lang='lat' dir='ltr'>pendit</span> <span class='ocrx_word' id='word_1_188' title='bbox 335 1092 374 1121; x_wconf 84' lang='lat'>26,</span> <span class='ocrx_word' id='word_1_189' title='bbox 394 1098 421 1117; x_wconf 78' lang='grc'>34</span> <span class='ocrx_word' id='word_1_190' title='bbox 461 1100 536 1123; x_wconf 87' lang='lat' dir='ltr'>super</span> <span class='ocrx_word' id='word_1_191' title='bbox 550 1097 730 1116; x_wconf 84' lang='lat' dir='ltr'>sacramentum</span> <span class='ocrx_word' id='word_1_192' title='bbox 747 1093 920 1121; x_wconf 83' lang='lat' dir='ltr'>archangelum</span> <span class='ocrx_word' id='word_1_193' title='bbox 940 1099 997 1114; x_wconf 89' lang='lat' dir='ltr'>con-</span> 
     </span>
    </p>
   </div>
   <div class='ocr_carea' id='block_1_9' title="bbox 971 957 996 978">
    <p class='ocr_par' dir='ltr' id='par_1_18' title="bbox 971 957 996 978">
     <span class='ocr_line' id='line_1_32' title="bbox 971 957 996 978; baseline 0.04 -1"><span class='ocrx_word' id='word_1_194' title='bbox 971 957 996 978; x_wconf 91' lang='lat' dir='ltr'>in</span> 
     </span>
    </p>
   </div>
   <div class='ocr_carea' id='block_1_10' title="bbox 232 1125 1012 1266">
    <p class='ocr_par' dir='ltr' id='par_1_19' title="bbox 232 1125 1012 1266">
     <span class='ocr_line' id='line_1_33' title="bbox 232 1125 1012 1158; baseline -0.003 -8"><span class='ocrx_word' id='word_1_195' title='bbox 232 1129 343 1151; x_wconf 88' lang='lat' dir='ltr'>sulamus</span> <span class='ocrx_word' id='word_1_196' title='bbox 369 1128 408 1157; x_wconf 83' lang='grc'>17,</span> <span class='ocrx_word' id='word_1_197' title='bbox 431 1132 460 1151; x_wconf 80' lang='grc'>30</span> <span class='ocrx_word' id='word_1_198' title='bbox 498 1129 517 1150; x_wconf 87' lang='grc'>51</span> <span class='ocrx_word' id='word_1_199' title='bbox 539 1135 614 1158; x_wconf 91' lang='lat' dir='ltr'>super</span> <span class='ocrx_word' id='word_1_200' title='bbox 636 1128 815 1150; x_wconf 81' lang='lat' dir='ltr'>dissensionem</span> <span class='ocrx_word' id='word_1_201' title='bbox 836 1130 942 1149; x_wconf 79' lang='lat' dir='ltr'>vestram</span> <span class='ocrx_word' id='word_1_202' title='bbox 963 1125 1012 1151; x_wconf 72' lang='lat' dir='ltr'>sol]</span> 
     </span>
     <span class='ocr_line' id='line_1_34' title="bbox 233 1160 1012 1192; baseline -0.003 -7"><span class='ocrx_word' id='word_1_203' title='bbox 233 1163 326 1185; x_wconf 88' lang='lat' dir='ltr'>occidat</span> <span class='ocrx_word' id='word_1_204' title='bbox 349 1161 391 1191; x_wconf 83' lang='lat'>44,</span> <span class='ocrx_word' id='word_1_205' title='bbox 414 1168 425 1185; x_wconf 76' lang='lat'>:5</span> <span class='ocrx_word' id='word_1_206' title='bbox 474 1163 539 1185; x_wconf 84' lang='lat' dir='ltr'>furto</span> <span class='ocrx_word' id='word_1_207' title='bbox 558 1169 633 1192; x_wconf 89' lang='lat' dir='ltr'>super</span> <span class='ocrx_word' id='word_1_208' title='bbox 653 1166 742 1184; x_wconf 83' lang='lat' dir='ltr'>cuncta</span> <span class='ocrx_word' id='word_1_209' title='bbox 762 1162 894 1183; x_wconf 82' lang='lat' dir='ltr'>damnabili</span> <span class='ocrx_word' id='word_1_210' title='bbox 919 1160 961 1190; x_wconf 79' lang='lat' dir='ltr'>S-l,</span> <span class='ocrx_word' id='word_1_211' title='bbox 984 1162 1012 1183; x_wconf 61' lang='lat'>7²</span> 
     </span>
     <span class='ocr_line' id='line_1_35' title="bbox 233 1196 1012 1226; baseline -0.003 -7"><span class='ocrx_word' id='word_1_212' title='bbox 233 1197 251 1219; x_wconf 92' lang='lat' dir='ltr'>si</span> <span class='ocrx_word' id='word_1_213' title='bbox 271 1198 326 1226; x_wconf 88' lang='lat' dir='ltr'>quis</span> <span class='ocrx_word' id='word_1_214' title='bbox 347 1204 421 1226; x_wconf 87' lang='lat' dir='ltr'>super</span> <span class='ocrx_word' id='word_1_215' title='bbox 440 1203 511 1225; x_wconf 86' lang='lat' dir='ltr'>casu,</span> <span class='ocrx_word' id='word_1_216' title='bbox 541 1197 583 1226; x_wconf 87' lang='lat' dir='ltr'>qui</span> <span class='ocrx_word' id='word_1_217' title='bbox 610 1197 726 1225; x_wconf 87' lang='lat' dir='ltr'>contigit,</span> <span class='ocrx_word' id='word_1_218' title='bbox 754 1196 930 1218; x_wconf 73' lang='lat' dir='ltr'>consolationis</span> <span class='ocrx_word' id='word_1_219' title='bbox 950 1196 1012 1217; x_wconf 65' lang='lat' dir='ltr'>ali-¹</span> 
     </span>
     <span class='ocr_line' id='line_1_36' title="bbox 628 1231 1012 1266; baseline -0.005 -13"><span class='ocrx_word' id='word_1_220' title='bbox 628 1238 702 1260; x_wconf 89' lang='lat' dir='ltr'>super</span> <span class='ocrx_word' id='word_1_221' title='bbox 722 1231 833 1253; x_wconf 81' lang='lat' dir='ltr'>conversi</span> <span class='ocrx_word' id='word_1_222' title='bbox 853 1233 919 1252; x_wconf 87' lang='lat' dir='ltr'>statu</span> <span class='ocrx_word' id='word_1_223' title='bbox 939 1236 1012 1266; x_wconf 46' lang='lat' dir='ltr'>con-¹</span> 
     </span>
    </p>
   </div>
   <div class='ocr_carea' id='block_1_11' title="bbox 199 1230 1000 2802">
    <p class='ocr_par' dir='ltr' id='par_1_20' title="bbox 233 1230 580 1289">
     <span class='ocr_line' id='line_1_37' title="bbox 233 1230 580 1260; baseline 0.003 -7"><span class='ocrx_word' id='word_1_224' title='bbox 233 1231 292 1260; x_wconf 87' lang='lat' dir='ltr'>quid</span> <span class='ocrx_word' id='word_1_225' title='bbox 312 1231 462 1259; x_wconf 84' lang='lat' dir='ltr'>suggesserit</span> <span class='ocrx_word' id='word_1_226' title='bbox 488 1230 528 1259; x_wconf 91' lang='grc'>32,</span> <span class='ocrx_word' id='word_1_227' title='bbox 553 1235 580 1254; x_wconf 72' lang='grc'>10</span> 
     </span>
     <span class='ocr_line' id='line_1_38' title="bbox 234 1264 481 1289; baseline 0.004 -2"><span class='ocrx_word' id='word_1_228' title='bbox 234 1265 364 1288; x_wconf 88' lang='lat' dir='ltr'>sulendum</span> <span class='ocrx_word' id='word_1_229' title='bbox 388 1264 429 1289; x_wconf 74' lang='lat'>58,</span> <span class='ocrx_word' id='word_1_230' title='bbox 452 1269 481 1288; x_wconf 78' lang='lat'>30</span> 
     </span>
    </p>

    <p class='ocr_par' dir='ltr' id='par_1_21' title="bbox 200 1298 998 1397">
     <span class='ocr_line' id='line_1_39' title="bbox 200 1298 997 1329; baseline -0.003 -7"><span class='ocrx_word' id='word_1_231' title='bbox 200 1300 432 1329; x_wconf 74' lang='lat' dir='ltr'>superciliumz</span> <span class='ocrx_word' id='word_1_232' title='bbox 455 1301 509 1322; x_wconf 87' lang='lat' dir='ltr'>sine</span> <span class='ocrx_word' id='word_1_233' title='bbox 529 1300 661 1328; x_wconf 82' lang='lat' dir='ltr'>supercilio</span> <span class='ocrx_word' id='word_1_234' title='bbox 681 1299 802 1328; x_wconf 84' lang='lat' dir='ltr'>parentali</span> <span class='ocrx_word' id='word_1_235' title='bbox 822 1298 862 1325; x_wconf 91' lang='lat'>21,</span> <span class='ocrx_word' id='word_1_236' title='bbox 889 1302 916 1321; x_wconf 68' lang='lat'>1⁴2</span> <span class='ocrx_word' id='word_1_237' title='bbox 954 1304 997 1320; x_wconf 91' lang='lat' dir='ltr'>su-</span> 
     </span>
     <span class='ocr_line' id='line_1_40' title="bbox 234 1333 998 1363; baseline -0.004 -7"><span class='ocrx_word' id='word_1_238' title='bbox 234 1335 335 1363; x_wconf 86' lang='lat' dir='ltr'>percilio</span> <span class='ocrx_word' id='word_1_239' title='bbox 354 1333 498 1356; x_wconf 83' lang='lat' dir='ltr'>dominandi</span> <span class='ocrx_word' id='word_1_240' title='bbox 523 1333 565 1363; x_wconf 84' lang='grc'>55,</span> <span class='ocrx_word' id='word_1_241' title='bbox 587 1337 616 1356; x_wconf 63' lang='grc'>23</span> <span class='ocrx_word' id='word_1_242' title='bbox 666 1334 713 1355; x_wconf 84' lang='lat' dir='ltr'>sibi</span> <span class='ocrx_word' id='word_1_243' title='bbox 734 1334 763 1356; x_wconf 87' lang='lat' dir='ltr'>de</span> <span class='ocrx_word' id='word_1_244' title='bbox 783 1334 843 1361; x_wconf 81' lang='lat' dir='ltr'>legis</span> <span class='ocrx_word' id='word_1_245' title='bbox 863 1333 998 1361; x_wconf 79' lang='lat' dir='ltr'>supercilio</span> 
     </span>
     <span class='ocr_line' id='line_1_41' title="bbox 235 1367 485 1397; baseline 0 -7"><span class='ocrx_word' id='word_1_246' title='bbox 235 1369 389 1390; x_wconf 77' lang='lat' dir='ltr'>blandientes</span> <span class='ocrx_word' id='word_1_247' title='bbox 412 1367 451 1397; x_wconf 85' lang='lat'>13,</span> <span class='ocrx_word' id='word_1_248' title='bbox 474 1373 485 1390; x_wconf 69' lang='lat'>1·</span> 
     </span>
    </p>

    <p class='ocr_par' dir='ltr' id='par_1_22' title="bbox 201 1401 993 1466">
     <span class='ocr_line' id='line_1_42' title="bbox 201 1401 993 1432; baseline -0.003 -7"><span class='ocrx_word' id='word_1_249' title='bbox 201 1409 452 1432; x_wconf 83' lang='lat' dir='ltr'>supercurrere:</span> <span class='ocrx_word' id='word_1_250' title='bbox 486 1403 545 1424; x_wconf 91' lang='lat' dir='ltr'>boni</span> <span class='ocrx_word' id='word_1_251' title='bbox 571 1402 768 1431; x_wconf 73' lang='lat' dir='ltr'>supercurrentis</span> <span class='ocrx_word' id='word_1_252' title='bbox 788 1402 878 1429; x_wconf 85' lang='lat' dir='ltr'>irriguo</span> <span class='ocrx_word' id='word_1_253' title='bbox 902 1401 943 1429; x_wconf 80' lang='lat'>56,</span> <span class='ocrx_word' id='word_1_254' title='bbox 967 1405 993 1423; x_wconf 73' lang='lat' dir='ltr'>:il</span> 
     </span>
     <span class='ocr_line' id='line_1_43' title="bbox 234 1436 754 1466; baseline 0 -7"><span class='ocrx_word' id='word_1_255' title='bbox 234 1437 420 1466; x_wconf 85' lang='lat' dir='ltr'>supercurrenti</span> <span class='ocrx_word' id='word_1_256' title='bbox 439 1437 540 1465; x_wconf 88' lang='lat' dir='ltr'>ingenio</span> <span class='ocrx_word' id='word_1_257' title='bbox 560 1440 641 1459; x_wconf 85' lang='lat' dir='ltr'>vestro</span> <span class='ocrx_word' id='word_1_258' title='bbox 660 1436 700 1465; x_wconf 82' lang='lat'>97,</span> <span class='ocrx_word' id='word_1_259' title='bbox 727 1440 754 1459; x_wconf 81' lang='lat'>10</span> 
     </span>
    </p>

    <p class='ocr_par' dir='ltr' id='par_1_23' title="bbox 200 1469 998 1809">
     <span class='ocr_line' id='line_1_44' title="bbox 200 1469 994 1501; baseline -0.001 -8"><span class='ocrx_word' id='word_1_260' title='bbox 200 1478 393 1501; x_wconf 82' lang='lat' dir='ltr'>superesse:</span> <span class='ocrx_word' id='word_1_261' title='bbox 415 1474 529 1500; x_wconf 85' lang='lat' dir='ltr'>superest</span> <span class='ocrx_word' id='word_1_262' title='bbox 548 1474 576 1493; x_wconf 88' lang='lat' dir='ltr'>ut</span> <span class='ocrx_word' id='word_1_263' title='bbox 595 1471 666 1493; x_wconf 88' lang='lat' dir='ltr'>miles</span> <span class='ocrx_word' id='word_1_264' title='bbox 685 1471 738 1499; x_wconf 88' lang='lat' dir='ltr'>ipse</span> <span class='ocrx_word' id='word_1_265' title='bbox 757 1470 912 1493; x_wconf 87' lang='lat' dir='ltr'>commendet</span> <span class='ocrx_word' id='word_1_266' title='bbox 926 1469 966 1497; x_wconf 85' lang='lat'>77,</span> <span class='ocrx_word' id='word_1_267' title='bbox 985 1474 994 1492; x_wconf 97' lang='grc'>7</span> 
     </span>
     <span class='ocr_line' id='line_1_45' title="bbox 234 1504 994 1534; baseline -0.001 -7"><span class='ocrx_word' id='word_1_268' title='bbox 234 1508 316 1528; x_wconf 75' lang='lat' dir='ltr'>servet</span> <span class='ocrx_word' id='word_1_269' title='bbox 335 1505 450 1528; x_wconf 86' lang='lat' dir='ltr'>Christus</span> <span class='ocrx_word' id='word_1_270' title='bbox 470 1505 542 1532; x_wconf 86' lang='lat' dir='ltr'>hanc,</span> <span class='ocrx_word' id='word_1_271' title='bbox 565 1505 629 1534; x_wconf 90' lang='lat' dir='ltr'>quod</span> <span class='ocrx_word' id='word_1_272' title='bbox 649 1508 772 1534; x_wconf 83' lang='lat' dir='ltr'>superest,</span> <span class='ocrx_word' id='word_1_273' title='bbox 796 1505 934 1527; x_wconf 83' lang='lat' dir='ltr'>libertatem</span> <span class='ocrx_word' id='word_1_274' title='bbox 955 1504 994 1531; x_wconf 90' lang='lat'>56,</span> 
     </span>
     <span class='ocr_line' id='line_1_46' title="bbox 235 1538 997 1569; baseline -0.003 -7"><span class='ocrx_word' id='word_1_275' title='bbox 235 1543 264 1562; x_wconf 90' lang='grc'>20</span> <span class='ocrx_word' id='word_1_276' title='bbox 303 1540 366 1569; x_wconf 88' lang='lat' dir='ltr'>quod</span> <span class='ocrx_word' id='word_1_277' title='bbox 385 1543 498 1569; x_wconf 83' lang='lat' dir='ltr'>superest</span> <span class='ocrx_word' id='word_1_278' title='bbox 511 1539 552 1567; x_wconf 85' lang='grc'>46,</span> <span class='ocrx_word' id='word_1_279' title='bbox 571 1544 582 1562; x_wconf 78' lang='grc'>3</span> <span class='ocrx_word' id='word_1_280' title='bbox 620 1540 737 1562; x_wconf 84' lang='lat' dir='ltr'>attentior</span> <span class='ocrx_word' id='word_1_281' title='bbox 756 1546 799 1567; x_wconf 87' lang='lat' dir='ltr'>pro</span> <span class='ocrx_word' id='word_1_282' title='bbox 814 1539 911 1567; x_wconf 75' lang='lat' dir='ltr'>vestris,</span> <span class='ocrx_word' id='word_1_283' title='bbox 933 1538 997 1567; x_wconf 83' lang='lat' dir='ltr'>quod</span> 
     </span>
     <span class='ocr_line' id='line_1_47' title="bbox 234 1573 998 1603; baseline -0.003 -7"><span class='ocrx_word' id='word_1_284' title='bbox 234 1578 364 1603; x_wconf 83' lang='lat' dir='ltr'>superest,</span> <span class='ocrx_word' id='word_1_285' title='bbox 393 1574 521 1596; x_wconf 78' lang='lat' dir='ltr'>incumbat</span> <span class='ocrx_word' id='word_1_286' title='bbox 545 1574 620 1596; x_wconf 85' lang='lat' dir='ltr'>oratio</span> <span class='ocrx_word' id='word_1_287' title='bbox 647 1573 686 1601; x_wconf 87' lang='grc'>59,</span> <span class='ocrx_word' id='word_1_288' title='bbox 711 1577 740 1596; x_wconf 80' lang='grc'>22</span> <span class='ocrx_word' id='word_1_289' title='bbox 794 1573 857 1602; x_wconf 79' lang='lat' dir='ltr'>quod</span> <span class='ocrx_word' id='word_1_290' title='bbox 885 1576 998 1601; x_wconf 82' lang='lat' dir='ltr'>superest</span> 
     </span>
     <span class='ocr_line' id='line_1_48' title="bbox 233 1607 997 1637; baseline -0.003 -7"><span class='ocrx_word' id='word_1_291' title='bbox 233 1609 326 1636; x_wconf 82' lang='lat' dir='ltr'>egressi</span> <span class='ocrx_word' id='word_1_292' title='bbox 345 1608 439 1637; x_wconf 75' lang='lat' dir='ltr'>felices,</span> <span class='ocrx_word' id='word_1_293' title='bbox 461 1608 539 1630; x_wconf 85' lang='lat' dir='ltr'>redite</span> <span class='ocrx_word' id='word_1_294' title='bbox 558 1608 664 1630; x_wconf 75' lang='lat' dir='ltr'>victores</span> <span class='ocrx_word' id='word_1_295' title='bbox 678 1607 719 1635; x_wconf 83' lang='grc'>74,</span> <span class='ocrx_word' id='word_1_296' title='bbox 736 1611 763 1630; x_wconf 81' lang='grc'>27</span> <span class='ocrx_word' id='word_1_297' title='bbox 807 1607 885 1637; x_wconf 77' lang='lat' dir='ltr'>(quod)</span> <span class='ocrx_word' id='word_1_298' title='bbox 909 1613 997 1636; x_wconf 85' lang='lat' dir='ltr'>super-</span> 
     </span>
     <span class='ocr_line' id='line_1_49' title="bbox 235 1641 997 1672; baseline -0.004 -7"><span class='ocrx_word' id='word_1_299' title='bbox 235 1646 273 1665; x_wconf 82' lang='lat' dir='ltr'>est</span> <span class='ocrx_word' id='word_1_300' title='bbox 293 1660 297 1664; x_wconf 92' lang='lat'>.</span> <span class='ocrx_word' id='word_1_301' title='bbox 317 1661 321 1665; x_wconf 91' lang='lat'>.</span> <span class='ocrx_word' id='word_1_302' title='bbox 339 1660 344 1665; x_wconf 88' lang='lat'><strong>.</strong></span> <span class='ocrx_word' id='word_1_303' title='bbox 368 1641 426 1669; x_wconf 89' lang='grc'>149,</span> <span class='ocrx_word' id='word_1_304' title='bbox 444 1647 470 1665; x_wconf 68' lang='grc'>111</span> <span class='ocrx_word' id='word_1_305' title='bbox 508 1642 572 1672; x_wconf 86' lang='lat' dir='ltr'>quod</span> <span class='ocrx_word' id='word_1_306' title='bbox 592 1645 708 1672; x_wconf 87' lang='lat' dir='ltr'>superest</span> <span class='ocrx_word' id='word_1_307' title='bbox 726 1643 824 1664; x_wconf 79' lang='lat' dir='ltr'>obsecro</span> <span class='ocrx_word' id='word_1_308' title='bbox 844 1645 870 1663; x_wconf 93' lang='lat' dir='ltr'>ut</span> <span class='ocrx_word' id='word_1_309' title='bbox 889 1641 997 1663; x_wconf 85' lang='lat' dir='ltr'>doceatis</span> 
     </span>
     <span class='ocr_line' id='line_1_50' title="bbox 234 1676 996 1706; baseline -0.001 -8"><span class='ocrx_word' id='word_1_310' title='bbox 234 1676 276 1705; x_wconf 84' lang='lat'>46,</span> <span class='ocrx_word' id='word_1_311' title='bbox 293 1684 304 1699; x_wconf 75' lang='lat' dir='ltr'>s</span> <span class='ocrx_word' id='word_1_312' title='bbox 343 1679 418 1706; x_wconf 87' lang='lat' dir='ltr'>orate,</span> <span class='ocrx_word' id='word_1_313' title='bbox 440 1676 504 1705; x_wconf 85' lang='lat' dir='ltr'>quod</span> <span class='ocrx_word' id='word_1_314' title='bbox 525 1680 647 1705; x_wconf 80' lang='lat' dir='ltr'>superest,</span> <span class='ocrx_word' id='word_1_315' title='bbox 670 1679 697 1698; x_wconf 90' lang='lat' dir='ltr'>ut</span> <span class='ocrx_word' id='word_1_316' title='bbox 711 1676 792 1704; x_wconf 86' lang='lat' dir='ltr'>dignis</span> <span class='ocrx_word' id='word_1_317' title='bbox 807 1676 865 1698; x_wconf 90' lang='lat' dir='ltr'>talia</span> <span class='ocrx_word' id='word_1_318' title='bbox 878 1676 996 1698; x_wconf 79' lang='lat' dir='ltr'>miseritis</span> 
     </span>
     <span class='ocr_line' id='line_1_51' title="bbox 235 1710 998 1740; baseline -0.003 -7"><span class='ocrx_word' id='word_1_319' title='bbox 235 1710 276 1740; x_wconf 85' lang='lat'>57,</span> <span class='ocrx_word' id='word_1_320' title='bbox 293 1716 304 1733; x_wconf 67' lang='lat' dir='ltr'>:i</span> <span class='ocrx_word' id='word_1_321' title='bbox 342 1714 417 1739; x_wconf 84' lang='lat' dir='ltr'>orate,</span> <span class='ocrx_word' id='word_1_322' title='bbox 438 1711 501 1740; x_wconf 86' lang='lat' dir='ltr'>quod</span> <span class='ocrx_word' id='word_1_323' title='bbox 521 1714 642 1740; x_wconf 83' lang='lat' dir='ltr'>superest,</span> <span class='ocrx_word' id='word_1_324' title='bbox 666 1714 700 1739; x_wconf 91' lang='lat' dir='ltr'>ut,</span> <span class='ocrx_word' id='word_1_325' title='bbox 723 1711 742 1732; x_wconf 91' lang='lat' dir='ltr'>si</span> <span class='ocrx_word' id='word_1_326' title='bbox 762 1710 822 1739; x_wconf 87' lang='lat' dir='ltr'>quid</span> <span class='ocrx_word' id='word_1_327' title='bbox 842 1717 936 1732; x_wconf 79' lang='lat' dir='ltr'>sacrum</span> <span class='ocrx_word' id='word_1_328' title='bbox 957 1711 998 1731; x_wconf 76' lang='grc'>111-</span> 
     </span>
     <span class='ocr_line' id='line_1_52' title="bbox 235 1744 761 1774; baseline 0 -7"><span class='ocrx_word' id='word_1_329' title='bbox 235 1749 302 1768; x_wconf 89' lang='lat' dir='ltr'>ratur</span> <span class='ocrx_word' id='word_1_330' title='bbox 321 1745 472 1774; x_wconf 74' lang='lat' dir='ltr'>adversitas,</span> <span class='ocrx_word' id='word_1_331' title='bbox 494 1746 530 1767; x_wconf 79' lang='lat' dir='ltr'>sic</span> <span class='ocrx_word' id='word_1_332' title='bbox 549 1745 631 1767; x_wconf 88' lang='lat' dir='ltr'>redeat</span> <span class='ocrx_word' id='word_1_333' title='bbox 653 1744 709 1773; x_wconf 85' lang='lat'>150,</span> <span class='ocrx_word' id='word_1_334' title='bbox 733 1749 761 1767; x_wconf 72' lang='grc'>32</span> 
     </span>
     <span class='ocr_line' id='line_1_53' title="bbox 234 1779 918 1809; baseline -0.003 -7"><span class='ocrx_word' id='word_1_335' title='bbox 234 1782 355 1809; x_wconf 88' lang='lat' dir='ltr'>superest,</span> <span class='ocrx_word' id='word_1_336' title='bbox 378 1783 447 1802; x_wconf 88' lang='lat' dir='ltr'>oratu</span> <span class='ocrx_word' id='word_1_337' title='bbox 467 1780 568 1801; x_wconf 88' lang='lat' dir='ltr'>adsiduo</span> <span class='ocrx_word' id='word_1_338' title='bbox 588 1779 628 1808; x_wconf 89' lang='lat'>40,</span> <span class='ocrx_word' id='word_1_339' title='bbox 652 1783 681 1801; x_wconf 74' lang='lat'>42</span> <span class='ocrx_word' id='word_1_340' title='bbox 702 1779 734 1807; x_wconf 71' lang='lat' dir='ltr'>cf.</span> <span class='ocrx_word' id='word_1_341' title='bbox 757 1779 820 1808; x_wconf 80' lang='lat' dir='ltr'>quod</span> <span class='ocrx_word' id='word_1_342' title='bbox 841 1782 918 1800; x_wconf 86' lang='lat' dir='ltr'>restat</span> 
     </span>
    </p>

    <p class='ocr_par' dir='ltr' id='par_1_24' title="bbox 199 1813 796 1843">
     <span class='ocr_line' id='line_1_54' title="bbox 199 1813 796 1843; baseline -0.002 -7"><span class='ocrx_word' id='word_1_343' title='bbox 199 1814 464 1843; x_wconf 75' lang='lat' dir='ltr'>superexaltare:</span> <span class='ocrx_word' id='word_1_344' title='bbox 487 1814 666 1843; x_wconf 70' lang='lat' dir='ltr'>superexaltari</span> <span class='ocrx_word' id='word_1_345' title='bbox 688 1813 744 1842; x_wconf 84' lang='lat'>114,</span> <span class='ocrx_word' id='word_1_346' title='bbox 770 1817 796 1836; x_wconf 72' lang='lat' dir='ltr'>is</span> 
     </span>
    </p>

    <p class='ocr_par' dir='ltr' id='par_1_25' title="bbox 201 1847 859 1877">
     <span class='ocr_line' id='line_1_55' title="bbox 201 1847 859 1877; baseline -0.002 -7"><span class='ocrx_word' id='word_1_347' title='bbox 201 1848 441 1877; x_wconf 83' lang='lat' dir='ltr'>superlativus:</span> <span class='ocrx_word' id='word_1_348' title='bbox 464 1849 646 1877; x_wconf 69' lang='lat' dir='ltr'>superlativum</span> <span class='ocrx_word' id='word_1_349' title='bbox 667 1848 728 1869; x_wconf 90' lang='lat' dir='ltr'>nihil</span> <span class='ocrx_word' id='word_1_350' title='bbox 752 1847 808 1874; x_wconf 88' lang='lat'>110,</span> <span class='ocrx_word' id='word_1_351' title='bbox 833 1851 859 1869; x_wconf 82' lang='lat' dir='ltr'>lo</span> 
     </span>
    </p>

    <p class='ocr_par' dir='ltr' id='par_1_26' title="bbox 200 1889 997 1980">
     <span class='ocr_line' id='line_1_56' title="bbox 200 1889 376 1911; baseline -0.006 -6"><span class='ocrx_word' id='word_1_352' title='bbox 200 1889 376 1911; x_wconf 84' lang='lat' dir='ltr'>supernus:</span> 
     </span>
     <span class='ocr_line' id='line_1_57' title="bbox 235 1916 997 1946; baseline -0.003 -8"><span class='ocrx_word' id='word_1_353' title='bbox 235 1923 342 1946; x_wconf 84' lang='lat' dir='ltr'>superna</span> <span class='ocrx_word' id='word_1_354' title='bbox 362 1916 484 1939; x_wconf 78' lang='lat' dir='ltr'>caelorum</span> <span class='ocrx_word' id='word_1_355' title='bbox 506 1916 563 1945; x_wconf 92' lang='lat'>115,</span> <span class='ocrx_word' id='word_1_356' title='bbox 585 1922 597 1939; x_wconf 74' lang='lat' dir='ltr'>o</span> <span class='ocrx_word' id='word_1_357' title='bbox 634 1917 660 1938; x_wconf 93' lang='lat' dir='ltr'>iu</span> <span class='ocrx_word' id='word_1_358' title='bbox 682 1917 797 1945; x_wconf 86' lang='lat' dir='ltr'>supernis</span> <span class='ocrx_word' id='word_1_359' title='bbox 817 1916 879 1944; x_wconf 75' lang='lat' dir='ltr'>(opp.</span> <span class='ocrx_word' id='word_1_360' title='bbox 903 1916 927 1937; x_wconf 90' lang='lat' dir='ltr'>in</span> <span class='ocrx_word' id='word_1_361' title='bbox 948 1918 997 1937; x_wconf 79' lang='lat' dir='ltr'>ter-</span> 
     </span>
     <span class='ocr_line' id='line_1_58' title="bbox 238 1951 722 1980; baseline -0.002 -7"><span class='ocrx_word' id='word_1_362' title='bbox 238 1951 313 1980; x_wconf 82' lang='lat' dir='ltr'>renis)</span> <span class='ocrx_word' id='word_1_363' title='bbox 334 1952 356 1976; x_wconf 84' lang='lat'>9,</span> <span class='ocrx_word' id='word_1_364' title='bbox 384 1955 410 1973; x_wconf 72' lang='grc'>10</span> <span class='ocrx_word' id='word_1_365' title='bbox 448 1951 473 1972; x_wconf 91' lang='grc'>111</span> <span class='ocrx_word' id='word_1_366' title='bbox 493 1951 607 1979; x_wconf 89' lang='lat' dir='ltr'>supernis</span> <span class='ocrx_word' id='word_1_367' title='bbox 630 1951 670 1980; x_wconf 88' lang='lat'>60,</span> <span class='ocrx_word' id='word_1_368' title='bbox 696 1955 722 1973; x_wconf 73' lang='lat' dir='ltr'>lu</span> 
     </span>
    </p>

    <p class='ocr_par' dir='ltr' id='par_1_27' title="bbox 201 1984 636 2014">
     <span class='ocr_line' id='line_1_59' title="bbox 201 1984 636 2014; baseline 0 -7"><span class='ocrx_word' id='word_1_369' title='bbox 201 1986 372 2014; x_wconf 72' lang='lat' dir='ltr'>Supinum:</span> <span class='ocrx_word' id='word_1_370' title='bbox 394 1986 474 2007; x_wconf 89' lang='lat' dir='ltr'>ultum</span> <span class='ocrx_word' id='word_1_371' title='bbox 494 1985 543 2008; x_wconf 89' lang='lat' dir='ltr'>isse</span> <span class='ocrx_word' id='word_1_372' title='bbox 561 1984 602 2013; x_wconf 84' lang='lat'>90,</span> <span class='ocrx_word' id='word_1_373' title='bbox 626 1989 636 2007; x_wconf 92' lang='grc'>7</span> 
     </span>
    </p>

    <p class='ocr_par' dir='ltr' id='par_1_28' title="bbox 202 2017 996 2117">
     <span class='ocr_line' id='line_1_60' title="bbox 202 2017 993 2048; baseline -0.001 -7"><span class='ocrx_word' id='word_1_374' title='bbox 202 2020 400 2048; x_wconf 84' lang='lat' dir='ltr'>supplicare:</span> <span class='ocrx_word' id='word_1_375' title='bbox 435 2022 463 2042; x_wconf 89' lang='lat' dir='ltr'>ut</span> <span class='ocrx_word' id='word_1_376' title='bbox 486 2020 556 2042; x_wconf 79' lang='lat' dir='ltr'>vobis</span> <span class='ocrx_word' id='word_1_377' title='bbox 582 2026 624 2048; x_wconf 88' lang='lat' dir='ltr'>pro</span> <span class='ocrx_word' id='word_1_378' title='bbox 650 2019 721 2041; x_wconf 84' lang='lat' dir='ltr'>venia</span> <span class='ocrx_word' id='word_1_379' title='bbox 746 2019 897 2047; x_wconf 76' lang='lat' dir='ltr'>supplicaret</span> <span class='ocrx_word' id='word_1_380' title='bbox 921 2017 961 2047; x_wconf 76' lang='grc'>84,</span> <span class='ocrx_word' id='word_1_381' title='bbox 988 2022 993 2040; x_wconf 90' lang='grc'>1</span> 
     </span>
     <span class='ocr_line' id='line_1_61' title="bbox 237 2053 996 2082; baseline -0.003 -6"><span class='ocrx_word' id='word_1_382' title='bbox 237 2054 344 2076; x_wconf 77' lang='lat' dir='ltr'>scientes</span> <span class='ocrx_word' id='word_1_383' title='bbox 363 2054 486 2076; x_wconf 76' lang='lat' dir='ltr'>fructuose</span> <span class='ocrx_word' id='word_1_384' title='bbox 506 2054 549 2076; x_wconf 85' lang='lat' dir='ltr'>deo</span> <span class='ocrx_word' id='word_1_385' title='bbox 568 2060 610 2082; x_wconf 88' lang='lat' dir='ltr'>pro</span> <span class='ocrx_word' id='word_1_386' title='bbox 631 2054 737 2075; x_wconf 87' lang='lat' dir='ltr'>sanitate</span> <span class='ocrx_word' id='word_1_387' title='bbox 757 2053 880 2075; x_wconf 87' lang='lat' dir='ltr'>luminum</span> <span class='ocrx_word' id='word_1_388' title='bbox 901 2053 996 2081; x_wconf 85' lang='lat' dir='ltr'>suppli-</span> 
     </span>
     <span class='ocr_line' id='line_1_62' title="bbox 235 2086 860 2117; baseline -0.002 -7"><span class='ocrx_word' id='word_1_389' title='bbox 235 2089 284 2110; x_wconf 86' lang='lat' dir='ltr'>cari</span> <span class='ocrx_word' id='word_1_390' title='bbox 306 2087 345 2117; x_wconf 87' lang='lat'>11,</span> <span class='ocrx_word' id='word_1_391' title='bbox 367 2091 394 2111; x_wconf 72' lang='grc'>24</span> <span class='ocrx_word' id='word_1_392' title='bbox 434 2095 496 2117; x_wconf 89' lang='lat' dir='ltr'>quae</span> <span class='ocrx_word' id='word_1_393' title='bbox 516 2088 651 2117; x_wconf 83' lang='lat' dir='ltr'>supplicari</span> <span class='ocrx_word' id='word_1_394' title='bbox 670 2090 766 2116; x_wconf 82' lang='lat' dir='ltr'>oportet</span> <span class='ocrx_word' id='word_1_395' title='bbox 784 2086 824 2115; x_wconf 89' lang='lat'>64,</span> <span class='ocrx_word' id='word_1_396' title='bbox 849 2091 860 2109; x_wconf 84' lang='lat'><strong>5</strong></span> 
     </span>
    </p>

    <p class='ocr_par' dir='ltr' id='par_1_29' title="bbox 202 2120 962 2152">
     <span class='ocr_line' id='line_1_63' title="bbox 202 2120 962 2152; baseline -0.001 -8"><span class='ocrx_word' id='word_1_397' title='bbox 202 2122 421 2152; x_wconf 85' lang='lat' dir='ltr'>supplicatio:</span> <span class='ocrx_word' id='word_1_398' title='bbox 447 2123 508 2145; x_wconf 80' lang='lat' dir='ltr'>votis</span> <span class='ocrx_word' id='word_1_399' title='bbox 528 2123 642 2151; x_wconf 82' lang='lat' dir='ltr'>profusae</span> <span class='ocrx_word' id='word_1_400' title='bbox 661 2121 850 2151; x_wconf 82' lang='lat' dir='ltr'>supplicationis</span> <span class='ocrx_word' id='word_1_401' title='bbox 869 2120 908 2150; x_wconf 87' lang='grc'>44,</span> <span class='ocrx_word' id='word_1_402' title='bbox 933 2124 962 2143; x_wconf 64' lang='grc'>23</span> 
     </span>
    </p>

    <p class='ocr_par' dir='ltr' id='par_1_30' title="bbox 203 2155 996 2254">
     <span class='ocr_line' id='line_1_64' title="bbox 203 2155 995 2187; baseline -0.001 -8"><span class='ocrx_word' id='word_1_403' title='bbox 203 2164 316 2186; x_wconf 81' lang='lat' dir='ltr'>supra:</span> <span class='ocrx_word' id='word_1_404' title='bbox 338 2159 365 2179; x_wconf 92' lang='lat' dir='ltr'>ut</span> <span class='ocrx_word' id='word_1_405' title='bbox 384 2163 458 2187; x_wconf 89' lang='lat' dir='ltr'>supra</span> <span class='ocrx_word' id='word_1_406' title='bbox 478 2157 630 2186; x_wconf 84' lang='lat' dir='ltr'>speravimus</span> <span class='ocrx_word' id='word_1_407' title='bbox 650 2155 691 2185; x_wconf 87' lang='lat'>59,</span> <span class='ocrx_word' id='word_1_408' title='bbox 709 2160 736 2178; x_wconf 86' lang='grc'>27</span> <span class='ocrx_word' id='word_1_409' title='bbox 776 2156 836 2178; x_wconf 89' lang='lat' dir='ltr'>illud</span> <span class='ocrx_word' id='word_1_410' title='bbox 857 2162 930 2184; x_wconf 81' lang='lat' dir='ltr'>supra</span> <span class='ocrx_word' id='word_1_411' title='bbox 950 2158 995 2183; x_wconf 83' lang='lat' dir='ltr'>est,</span> 
     </span>
     <span class='ocr_line' id='line_1_65' title="bbox 236 2188 996 2220; baseline 0 -8"><span class='ocrx_word' id='word_1_412' title='bbox 236 2191 297 2220; x_wconf 83' lang='lat' dir='ltr'>quod</span> <span class='ocrx_word' id='word_1_413' title='bbox 318 2191 463 2220; x_wconf 88' lang='lat' dir='ltr'>inpellimur</span> <span class='ocrx_word' id='word_1_414' title='bbox 485 2190 540 2219; x_wconf 83' lang='grc'>145,</span> <span class='ocrx_word' id='word_1_415' title='bbox 564 2196 574 2213; x_wconf 76' lang='grc'>3</span> <span class='ocrx_word' id='word_1_416' title='bbox 622 2197 695 2219; x_wconf 85' lang='lat' dir='ltr'>supra</span> <span class='ocrx_word' id='word_1_417' title='bbox 715 2197 787 2219; x_wconf 81' lang='lat' dir='ltr'>quani</span> <span class='ocrx_word' id='word_1_418' title='bbox 808 2190 877 2212; x_wconf 82' lang='lat' dir='ltr'>valeo</span> <span class='ocrx_word' id='word_1_419' title='bbox 903 2188 945 2218; x_wconf 69' lang='lat'>88,</span> <span class='ocrx_word' id='word_1_420' title='bbox 970 2194 996 2212; x_wconf 58' lang='lat' dir='ltr'>lh</span> 
     </span>
     <span class='ocr_line' id='line_1_66' title="bbox 237 2224 882 2254; baseline -0.002 -7"><span class='ocrx_word' id='word_1_421' title='bbox 237 2226 365 2247; x_wconf 69' lang='lat' dir='ltr'>consulere</span> <span class='ocrx_word' id='word_1_422' title='bbox 385 2232 459 2254; x_wconf 86' lang='lat' dir='ltr'>supra</span> <span class='ocrx_word' id='word_1_423' title='bbox 479 2225 592 2254; x_wconf 87' lang='lat' dir='ltr'>ambiguo</span> <span class='ocrx_word' id='word_1_424' title='bbox 612 2225 786 2254; x_wconf 83' lang='lat' dir='ltr'>quaestionum</span> <span class='ocrx_word' id='word_1_425' title='bbox 806 2224 846 2251; x_wconf 85' lang='grc'>30,</span> <span class='ocrx_word' id='word_1_426' title='bbox 871 2227 882 2246; x_wconf 91' lang='grc'>2</span> 
     </span>
    </p>

    <p class='ocr_par' dir='ltr' id='par_1_31' title="bbox 203 2257 996 2357">
     <span class='ocr_line' id='line_1_67' title="bbox 203 2257 993 2288; baseline -0.003 -7"><span class='ocrx_word' id='word_1_427' title='bbox 203 2260 426 2288; x_wconf 74' lang='lat' dir='ltr'>supradictus:</span> <span class='ocrx_word' id='word_1_428' title='bbox 450 2261 478 2281; x_wconf 85' lang='lat' dir='ltr'>ab</span> <span class='ocrx_word' id='word_1_429' title='bbox 498 2260 611 2288; x_wconf 82' lang='lat' dir='ltr'>episcopo</span> <span class='ocrx_word' id='word_1_430' title='bbox 632 2259 764 2288; x_wconf 69' lang='lat' dir='ltr'>supradicti</span> <span class='ocrx_word' id='word_1_431' title='bbox 785 2259 890 2280; x_wconf 85' lang='lat' dir='ltr'>nominis</span> <span class='ocrx_word' id='word_1_432' title='bbox 910 2257 950 2285; x_wconf 85' lang='lat'>29,</span> <span class='ocrx_word' id='word_1_433' title='bbox 968 2262 993 2280; x_wconf 70' lang='lat' dir='ltr'>:ii</span> 
     </span>
     <span class='ocr_line' id='line_1_68' title="bbox 237 2291 996 2323; baseline -0.004 -7"><span class='ocrx_word' id='word_1_434' title='bbox 237 2294 393 2323; x_wconf 76' lang='lat' dir='ltr'>supradictus</span> <span class='ocrx_word' id='word_1_435' title='bbox 413 2295 487 2316; x_wconf 82' lang='lat' dir='ltr'>t&#39;rater</span> <span class='ocrx_word' id='word_1_436' title='bbox 507 2293 546 2321; x_wconf 76' lang='grc'>73,</span> <span class='ocrx_word' id='word_1_437' title='bbox 565 2298 575 2316; x_wconf 97' lang='grc'>7</span> <span class='ocrx_word' id='word_1_438' title='bbox 615 2293 750 2323; x_wconf 70' lang='lat' dir='ltr'>supradicti</span> <span class='ocrx_word' id='word_1_439' title='bbox 770 2293 891 2315; x_wconf 81' lang='lat' dir='ltr'>scismatis</span> <span class='ocrx_word' id='word_1_440' title='bbox 909 2291 950 2321; x_wconf 83' lang='grc'>57,</span> <span class='ocrx_word' id='word_1_441' title='bbox 968 2297 996 2314; x_wconf 75' lang='lat' dir='ltr'>:zo</span> 
     </span>
     <span class='ocr_line' id='line_1_69' title="bbox 237 2328 587 2357; baseline 0.003 -7"><span class='ocrx_word' id='word_1_442' title='bbox 237 2329 390 2357; x_wconf 75' lang='lat' dir='ltr'>supradictae</span> <span class='ocrx_word' id='word_1_443' title='bbox 409 2328 488 2357; x_wconf 82' lang='lat' dir='ltr'>pestis</span> <span class='ocrx_word' id='word_1_444' title='bbox 510 2328 534 2355; x_wconf 88' lang='grc'>4,</span> <span class='ocrx_word' id='word_1_445' title='bbox 558 2331 587 2351; x_wconf 75' lang='lat'>32</span> 
     </span>
    </p>

    <p class='ocr_par' dir='ltr' id='par_1_32' title="bbox 203 2360 841 2391">
     <span class='ocr_line' id='line_1_70' title="bbox 203 2360 841 2391; baseline -0.002 -7"><span class='ocrx_word' id='word_1_446' title='bbox 203 2361 496 2391; x_wconf 66' lang='lat' dir='ltr'>*supraliuinanust</span> <span class='ocrx_word' id='word_1_447' title='bbox 518 2362 730 2391; x_wconf 87' lang='lat' dir='ltr'>suprahumanum</span> <span class='ocrx_word' id='word_1_448' title='bbox 750 2360 791 2390; x_wconf 79' lang='grc'>23,</span> <span class='ocrx_word' id='word_1_449' title='bbox 815 2365 841 2385; x_wconf 68' lang='grc'>31</span> 
     </span>
    </p>

    <p class='ocr_par' dir='ltr' id='par_1_33' title="bbox 204 2394 997 2460">
     <span class='ocr_line' id='line_1_71' title="bbox 204 2394 997 2426; baseline -0.004 -7"><span class='ocrx_word' id='word_1_450' title='bbox 204 2403 297 2425; x_wconf 85' lang='lat' dir='ltr'>supra</span> <span class='ocrx_word' id='word_1_451' title='bbox 317 2397 475 2425; x_wconf 80' lang='lat' dir='ltr'>scriptus:</span> <span class='ocrx_word' id='word_1_452' title='bbox 498 2396 527 2419; x_wconf 88' lang='lat' dir='ltr'>de</span> <span class='ocrx_word' id='word_1_453' title='bbox 547 2403 621 2426; x_wconf 88' lang='lat' dir='ltr'>supra</span> <span class='ocrx_word' id='word_1_454' title='bbox 640 2397 729 2425; x_wconf 89' lang='lat' dir='ltr'>scripta</span> <span class='ocrx_word' id='word_1_455' title='bbox 743 2396 900 2418; x_wconf 72' lang='lat' dir='ltr'>conclusione</span> <span class='ocrx_word' id='word_1_456' title='bbox 917 2394 954 2422; x_wconf 84' lang='lat'>14,</span> <span class='ocrx_word' id='word_1_457' title='bbox 969 2400 997 2418; x_wconf 71' lang='lat' dir='ltr'>:io</span> 
     </span>
     <span class='ocr_line' id='line_1_72' title="bbox 238 2429 746 2460; baseline -0.002 -7"><span class='ocrx_word' id='word_1_458' title='bbox 238 2438 311 2460; x_wconf 86' lang='lat' dir='ltr'>supra</span> <span class='ocrx_word' id='word_1_459' title='bbox 331 2431 429 2459; x_wconf 81' lang='lat' dir='ltr'>scriptis</span> <span class='ocrx_word' id='word_1_460' title='bbox 448 2431 634 2453; x_wconf 68' lang='lat' dir='ltr'>condicionibus</span> <span class='ocrx_word' id='word_1_461' title='bbox 654 2429 696 2459; x_wconf 82' lang='lat'>49,</span> <span class='ocrx_word' id='word_1_462' title='bbox 718 2434 746 2453; x_wconf 88' lang='grc'>20</span> 
     </span>
    </p>

    <p class='ocr_par' dir='ltr' id='par_1_34' title="bbox 204 2464 1000 2596">
     <span class='ocr_line' id='line_1_73' title="bbox 204 2464 861 2494; baseline -0.003 -7"><span class='ocrx_word' id='word_1_463' title='bbox 204 2466 388 2493; x_wconf 74' lang='lat' dir='ltr'>suscipere:</span> <span class='ocrx_word' id='word_1_464' title='bbox 411 2466 528 2494; x_wconf 79' lang='lat' dir='ltr'>portanda</span> <span class='ocrx_word' id='word_1_465' title='bbox 548 2466 658 2494; x_wconf 79' lang='lat' dir='ltr'>suscepit</span> <span class='ocrx_word' id='word_1_466' title='bbox 678 2465 767 2486; x_wconf 81' lang='lat' dir='ltr'>vexilla</span> <span class='ocrx_word' id='word_1_467' title='bbox 786 2464 826 2491; x_wconf 90' lang='grc'>40,</span> <span class='ocrx_word' id='word_1_468' title='bbox 850 2469 861 2486; x_wconf 73' lang='lat' dir='ltr'>o·</span> 
     </span>
     <span class='ocr_line' id='line_1_74' title="bbox 238 2498 1000 2528; baseline -0.003 -7"><span class='ocrx_word' id='word_1_469' title='bbox 238 2499 346 2521; x_wconf 86' lang='lat' dir='ltr'>nandum</span> <span class='ocrx_word' id='word_1_470' title='bbox 372 2500 528 2528; x_wconf 80' lang='lat' dir='ltr'>suscepimus</span> <span class='ocrx_word' id='word_1_471' title='bbox 555 2499 645 2521; x_wconf 87' lang='lat' dir='ltr'>malum</span> <span class='ocrx_word' id='word_1_472' title='bbox 673 2498 712 2523; x_wconf 85' lang='lat'>22,</span> <span class='ocrx_word' id='word_1_473' title='bbox 738 2503 748 2521; x_wconf 68' lang='lat' dir='ltr'>:J</span> <span class='ocrx_word' id='word_1_474' title='bbox 798 2505 968 2526; x_wconf 75' lang='lat' dir='ltr'>quaecumque</span> <span class='ocrx_word' id='word_1_475' title='bbox 988 2507 1000 2520; x_wconf 75' lang='grc'>3</span> 
     </span>
     <span class='ocr_line' id='line_1_75' title="bbox 239 2532 999 2561; baseline -0.001 -6"><span class='ocrx_word' id='word_1_476' title='bbox 239 2534 305 2556; x_wconf 81' lang='lat' dir='ltr'>vobis</span> <span class='ocrx_word' id='word_1_477' title='bbox 324 2540 409 2556; x_wconf 87' lang='lat' dir='ltr'>omnes</span> <span class='ocrx_word' id='word_1_478' title='bbox 429 2534 559 2561; x_wconf 84' lang='lat' dir='ltr'>ambimus,</span> <span class='ocrx_word' id='word_1_479' title='bbox 581 2540 647 2555; x_wconf 90' lang='lat' dir='ltr'>unus</span> <span class='ocrx_word' id='word_1_480' title='bbox 666 2533 820 2561; x_wconf 75' lang='lat' dir='ltr'>suggerenda</span> <span class='ocrx_word' id='word_1_481' title='bbox 840 2534 936 2561; x_wconf 70' lang='lat' dir='ltr'>suscepi</span> <span class='ocrx_word' id='word_1_482' title='bbox 957 2532 999 2559; x_wconf 78' lang='lat'>64,</span> 
     </span>
     <span class='ocr_line' id='line_1_76' title="bbox 243 2566 873 2596; baseline -0.002 -6"><span class='ocrx_word' id='word_1_483' title='bbox 243 2572 265 2590; x_wconf 86' lang='grc'>11</span> <span class='ocrx_word' id='word_1_484' title='bbox 307 2575 403 2590; x_wconf 81' lang='lat' dir='ltr'>causam</span> <span class='ocrx_word' id='word_1_485' title='bbox 425 2571 567 2596; x_wconf 74' lang='lat' dir='ltr'>susceperat</span> <span class='ocrx_word' id='word_1_486' title='bbox 585 2567 759 2596; x_wconf 74' lang='lat' dir='ltr'>inquirendam</span> <span class='ocrx_word' id='word_1_487' title='bbox 780 2566 820 2595; x_wconf 88' lang='grc'>64,</span> <span class='ocrx_word' id='word_1_488' title='bbox 844 2571 873 2589; x_wconf 80' lang='grc'>25</span> 
     </span>
    </p>

    <p class='ocr_par' dir='ltr' id='par_1_35' title="bbox 204 2601 999 2666">
     <span class='ocr_line' id='line_1_77' title="bbox 204 2601 999 2630; baseline -0.003 -6"><span class='ocrx_word' id='word_1_489' title='bbox 204 2603 380 2624; x_wconf 86' lang='lat' dir='ltr'>suscitare:</span> <span class='ocrx_word' id='word_1_490' title='bbox 410 2602 523 2624; x_wconf 68' lang='lat' dir='ltr'>suscitari</span> <span class='ocrx_word' id='word_1_491' title='bbox 543 2601 584 2629; x_wconf 79' lang='lat'>23,</span> <span class='ocrx_word' id='word_1_492' title='bbox 607 2606 634 2624; x_wconf 73' lang='lat'>:34</span> <span class='ocrx_word' id='word_1_493' title='bbox 675 2601 786 2623; x_wconf 79' lang='lat' dir='ltr'>Abrahae</span> <span class='ocrx_word' id='word_1_494' title='bbox 807 2602 852 2623; x_wconf 80' lang='lat' dir='ltr'>tilii</span> <span class='ocrx_word' id='word_1_495' title='bbox 872 2607 915 2630; x_wconf 82' lang='lat' dir='ltr'>per</span> <span class='ocrx_word' id='word_1_496' title='bbox 934 2601 999 2623; x_wconf 78' lang='lat' dir='ltr'>lara-</span> 
     </span>
     <span class='ocr_line' id='line_1_78' title="bbox 238 2635 765 2666; baseline 0 -8"><span class='ocrx_word' id='word_1_497' title='bbox 238 2643 306 2658; x_wconf 82' lang='lat' dir='ltr'>crum</span> <span class='ocrx_word' id='word_1_498' title='bbox 326 2643 357 2658; x_wconf 77' lang='lat' dir='ltr'>ex</span> <span class='ocrx_word' id='word_1_499' title='bbox 376 2636 501 2666; x_wconf 84' lang='lat' dir='ltr'>lapidibus</span> <span class='ocrx_word' id='word_1_500' title='bbox 520 2637 634 2658; x_wconf 85' lang='lat' dir='ltr'>suscitati</span> <span class='ocrx_word' id='word_1_501' title='bbox 656 2635 712 2664; x_wconf 82' lang='lat'>125,</span> <span class='ocrx_word' id='word_1_502' title='bbox 736 2639 765 2658; x_wconf 76' lang='grc'>20</span> 
     </span>
    </p>

    <p class='ocr_par' dir='ltr' id='par_1_36' title="bbox 205 2668 930 2700">
     <span class='ocr_line' id='line_1_79' title="bbox 205 2668 930 2700; baseline -0.003 -7"><span class='ocrx_word' id='word_1_503' title='bbox 205 2674 410 2700; x_wconf 83' lang='lat' dir='ltr'>suspectare:</span> <span class='ocrx_word' id='word_1_504' title='bbox 433 2671 571 2693; x_wconf 79' lang='lat' dir='ltr'>reverentia</span> <span class='ocrx_word' id='word_1_505' title='bbox 590 2673 734 2700; x_wconf 83' lang='lat' dir='ltr'>suspectans</span> <span class='ocrx_word' id='word_1_506' title='bbox 754 2670 835 2692; x_wconf 88' lang='lat' dir='ltr'>debita</span> <span class='ocrx_word' id='word_1_507' title='bbox 854 2668 895 2697; x_wconf 87' lang='grc'>95,</span> <span class='ocrx_word' id='word_1_508' title='bbox 919 2674 930 2692; x_wconf 75' lang='grc'>5</span> 
     </span>
    </p>

    <p class='ocr_par' dir='ltr' id='par_1_37' title="bbox 204 2704 1000 2768">
     <span class='ocr_line' id='line_1_80' title="bbox 204 2704 1000 2734; baseline -0.003 -7"><span class='ocrx_word' id='word_1_509' title='bbox 204 2708 377 2734; x_wconf 85' lang='lat' dir='ltr'>suspectus</span> <span class='ocrx_word' id='word_1_510' title='bbox 401 2706 566 2733; x_wconf 77' lang='lat' dir='ltr'>suspiciosus:</span> <span class='ocrx_word' id='word_1_511' title='bbox 600 2707 728 2733; x_wconf 86' lang='lat' dir='ltr'>suspectos</span> <span class='ocrx_word' id='word_1_512' title='bbox 752 2705 844 2726; x_wconf 77' lang='lat' dir='ltr'>fecerat</span> <span class='ocrx_word' id='word_1_513' title='bbox 870 2704 1000 2731; x_wconf 77' lang='lat' dir='ltr'>legationis</span> 
     </span>
     <span class='ocr_line' id='line_1_81' title="bbox 240 2738 415 2768; baseline 0 -7"><span class='ocrx_word' id='word_1_514' title='bbox 240 2746 304 2761; x_wconf 89' lang='lat' dir='ltr'>mora</span> <span class='ocrx_word' id='word_1_515' title='bbox 324 2738 364 2768; x_wconf 86' lang='lat'>69,</span> <span class='ocrx_word' id='word_1_516' title='bbox 388 2742 415 2761; x_wconf 75' lang='grc'>21</span> 
     </span>
    </p>

    <p class='ocr_par' dir='ltr' id='par_1_38' title="bbox 204 2774 417 2802">
     <span class='ocr_line' id='line_1_82' title="bbox 204 2774 417 2802; baseline 0 -7"><span class='ocrx_word' id='word_1_517' title='bbox 204 2774 417 2802; x_wconf 59' lang='lat' dir='ltr'>suspendere*</span> 
     </span>
    </p>
   </div>
   <div class='ocr_carea' id='block_1_12' title="bbox 905 2470 999 2492">
    <p class='ocr_par' dir='ltr' id='par_1_39' title="bbox 905 2470 999 2492">
     <span class='ocr_line' id='line_1_83' title="bbox 905 2470 999 2492; baseline -0.011 -6"><span class='ocrx_word' id='word_1_518' title='bbox 905 2470 999 2492; x_wconf 81' lang='lat' dir='ltr'>expug-</span> 
     </span>
    </p>
   </div>
   <div class='ocr_carea' id='block_1_13' title="bbox 452 2773 998 2801">
    <p class='ocr_par' dir='ltr' id='par_1_40' title="bbox 452 2773 998 2801">
     <span class='ocr_line' id='line_1_84' title="bbox 452 2773 998 2801; baseline 0.002 -7"><span class='ocrx_word' id='word_1_519' title='bbox 452 2773 648 2795; x_wconf 85' lang='lat' dir='ltr'>communionein</span> <span class='ocrx_word' id='word_1_520' title='bbox 669 2773 801 2801; x_wconf 79' lang='lat' dir='ltr'>suspendit</span> <span class='ocrx_word' id='word_1_521' title='bbox 821 2773 860 2800; x_wconf 65' lang='lat'>69,</span> <span class='ocrx_word' id='word_1_522' title='bbox 885 2776 909 2794; x_wconf 69' lang='lat' dir='ltr'>:it</span> <span class='ocrx_word' id='word_1_523' title='bbox 952 2773 998 2795; x_wconf 84' lang='lat' dir='ltr'>nisi</span> 
     </span>
    </p>
   </div>
   <div class='ocr_carea' id='block_1_14' title="bbox 1009 237 1013 1055">
    <p class='ocr_par' dir='ltr' id='par_1_41' title="bbox 1009 237 1013 1055">
     <span class='ocr_line' id='line_1_85' title="bbox 1009 237 1013 1055; baseline 0 0"><span class='ocrx_word' id='word_1_524' title='bbox 1009 237 1013 1055; x_wconf 95' lang='lat' dir='ltr'> </span> 
     </span>
    </p>
   </div>
   <div class='ocr_carea' id='block_1_15' title="bbox 1009 237 1014 1734">
    <p class='ocr_par' dir='ltr' id='par_1_42' title="bbox 1009 237 1014 1734">
     <span class='ocr_line' id='line_1_86' title="bbox 1009 237 1014 1734; baseline 0 0"><span class='ocrx_word' id='word_1_525' title='bbox 1009 237 1014 1734; x_wconf 95' lang='lat' dir='ltr'> </span> 
     </span>
    </p>
   </div>
   <div class='ocr_carea' id='block_1_16' title="bbox 806 1739 1483 1806">
    <p class='ocr_par' dir='ltr' id='par_1_43' title="bbox 806 1739 1483 1806">
     <span class='ocr_line' id='line_1_87' title="bbox 806 1739 1012 1773; baseline 0 -7"><span class='ocrx_word' id='word_1_526' title='bbox 806 1748 911 1772; x_wconf 76' lang='lat' dir='ltr'>servate,</span> <span class='ocrx_word' id='word_1_527' title='bbox 933 1739 1012 1773; x_wconf 66' lang='lat' dir='ltr'>quod}</span> 
     </span>
     <span class='ocr_line' id='line_1_88' title="bbox 1011 1776 1483 1806; baseline 0 -6"><span class='ocrx_word' id='word_1_528' title='bbox 1011 1776 1201 1806; x_wconf 62' lang='lat' dir='ltr'>Jteloneuiu:</span> <span class='ocrx_word' id='word_1_529' title='bbox 1226 1779 1255 1801; x_wconf 92' lang='lat' dir='ltr'>de</span> <span class='ocrx_word' id='word_1_530' title='bbox 1275 1779 1370 1800; x_wconf 86' lang='lat' dir='ltr'>teloneo</span> <span class='ocrx_word' id='word_1_531' title='bbox 1393 1777 1448 1806; x_wconf 90' lang='grc'>124,</span> <span class='ocrx_word' id='word_1_532' title='bbox 1472 1783 1483 1801; x_wconf 75' lang='lat'>:5</span> 
     </span>
    </p>
   </div>
   <div class='ocr_carea' id='block_1_17' title="bbox 410 1875 1013 1911">
    <p class='ocr_par' dir='ltr' id='par_1_44' title="bbox 410 1875 1013 1911">
     <span class='ocr_line' id='line_1_89' title="bbox 410 1875 1013 1911; baseline -0.003 -7"><span class='ocrx_word' id='word_1_533' title='bbox 410 1886 459 1904; x_wconf 87' lang='lat' dir='ltr'>tam</span> <span class='ocrx_word' id='word_1_534' title='bbox 488 1882 616 1904; x_wconf 85' lang='lat' dir='ltr'>terrestria</span> <span class='ocrx_word' id='word_1_535' title='bbox 643 1889 714 1911; x_wconf 88' lang='lat' dir='ltr'>quam</span> <span class='ocrx_word' id='word_1_536' title='bbox 744 1888 851 1910; x_wconf 85' lang='lat' dir='ltr'>superna</span> <span class='ocrx_word' id='word_1_537' title='bbox 879 1880 939 1909; x_wconf 81' lang='grc'>150,</span> <span class='ocrx_word' id='word_1_538' title='bbox 970 1875 1013 1903; x_wconf 73' lang='grc' dir='ltr'>1οῗ</span> 
     </span>
    </p>
   </div>
   <div class='ocr_carea' id='block_1_18' title="bbox 1012 1896 1017 2804">
    <p class='ocr_par' dir='ltr' id='par_1_45' title="bbox 1012 1896 1017 2804">
     <span class='ocr_line' id='line_1_90' title="bbox 1012 1896 1017 2804; baseline 0 0"><span class='ocrx_word' id='word_1_539' title='bbox 1012 1896 1017 2804; x_wconf 95' lang='lat' dir='ltr'> </span> 
     </span>
    </p>
   </div>
   <div class='ocr_carea' id='block_1_19' title="bbox 1757 145 1812 174">
    <p class='ocr_par' dir='ltr' id='par_1_46' title="bbox 1757 145 1812 174">
     <span class='ocr_line' id='line_1_91' title="bbox 1757 145 1812 174; baseline 0.018 -1"><span class='ocrx_word' id='word_1_540' title='bbox 1757 145 1812 174; x_wconf 74' lang='grc'>351</span> 
     </span>
    </p>
   </div>
   <div class='ocr_carea' id='block_1_20' title="bbox 1023 238 1820 780">
    <p class='ocr_par' dir='ltr' id='par_1_47' title="bbox 1056 238 1819 370">
     <span class='ocr_line' id='line_1_92' title="bbox 1057 238 1819 267; baseline 0 -7"><span class='ocrx_word' id='word_1_541' title='bbox 1057 238 1150 260; x_wconf 90' lang='lat' dir='ltr'>aditum</span> <span class='ocrx_word' id='word_1_542' title='bbox 1171 239 1299 261; x_wconf 87' lang='lat' dir='ltr'>conatibus</span> <span class='ocrx_word' id='word_1_543' title='bbox 1313 239 1402 260; x_wconf 84' lang='lat' dir='ltr'>nostris</span> <span class='ocrx_word' id='word_1_544' title='bbox 1421 238 1482 260; x_wconf 83' lang='lat' dir='ltr'>obex</span> <span class='ocrx_word' id='word_1_545' title='bbox 1504 238 1633 260; x_wconf 81' lang='lat' dir='ltr'>interiecta</span> <span class='ocrx_word' id='word_1_546' title='bbox 1652 239 1819 267; x_wconf 84' lang='lat' dir='ltr'>suspenderet</span> 
     </span>
     <span class='ocr_line' id='line_1_93' title="bbox 1059 271 1818 302; baseline 0 -8"><span class='ocrx_word' id='word_1_547' title='bbox 1059 271 1115 301; x_wconf 82' lang='lat'>101,</span> <span class='ocrx_word' id='word_1_548' title='bbox 1135 276 1161 295; x_wconf 87' lang='grc'>12</span> <span class='ocrx_word' id='word_1_549' title='bbox 1199 279 1230 294; x_wconf 89' lang='lat' dir='ltr'>ne</span> <span class='ocrx_word' id='word_1_550' title='bbox 1249 273 1436 302; x_wconf 87' lang='lat' dir='ltr'>suspendamini</span> <span class='ocrx_word' id='word_1_551' title='bbox 1455 280 1467 294; x_wconf 86' lang='lat' dir='ltr'>a</span> <span class='ocrx_word' id='word_1_552' title='bbox 1487 273 1636 301; x_wconf 82' lang='lat' dir='ltr'>professione</span> <span class='ocrx_word' id='word_1_553' title='bbox 1658 272 1695 301; x_wconf 84' lang='lat'>15,</span> <span class='ocrx_word' id='word_1_554' title='bbox 1715 278 1725 295; x_wconf 75' lang='grc'>3</span> <span class='ocrx_word' id='word_1_555' title='bbox 1763 280 1818 295; x_wconf 83' lang='grc'>5115-</span> 
     </span>
     <span class='ocr_line' id='line_1_94' title="bbox 1056 306 1819 335; baseline 0 -6"><span class='ocrx_word' id='word_1_556' title='bbox 1056 306 1131 335; x_wconf 90' lang='lat' dir='ltr'>pendi</span> <span class='ocrx_word' id='word_1_557' title='bbox 1157 314 1170 329; x_wconf 86' lang='lat' dir='ltr'>a</span> <span class='ocrx_word' id='word_1_558' title='bbox 1193 307 1424 329; x_wconf 84' lang='lat' dir='ltr'>commemoratione</span> <span class='ocrx_word' id='word_1_559' title='bbox 1446 307 1485 335; x_wconf 76' lang='grc'>30,</span> <span class='ocrx_word' id='word_1_560' title='bbox 1510 311 1536 329; x_wconf 72' lang='grc'>31</span> <span class='ocrx_word' id='word_1_561' title='bbox 1576 314 1589 329; x_wconf 82' lang='lat' dir='ltr'>a</span> <span class='ocrx_word' id='word_1_562' title='bbox 1613 308 1694 329; x_wconf 86' lang='lat' dir='ltr'>votiva</span> <span class='ocrx_word' id='word_1_563' title='bbox 1714 307 1819 329; x_wconf 86' lang='lat' dir='ltr'>lectione</span> 
     </span>
     <span class='ocr_line' id='line_1_95' title="bbox 1057 341 1287 370; baseline 0.004 -8"><span class='ocrx_word' id='word_1_564' title='bbox 1057 341 1175 370; x_wconf 83' lang='lat' dir='ltr'>suspendi</span> <span class='ocrx_word' id='word_1_565' title='bbox 1196 341 1236 370; x_wconf 82' lang='lat'>65,</span> <span class='ocrx_word' id='word_1_566' title='bbox 1260 345 1287 363; x_wconf 86' lang='lat'>21</span> 
     </span>
    </p>

    <p class='ocr_par' dir='ltr' id='par_1_48' title="bbox 1024 375 1816 404">
     <span class='ocr_line' id='line_1_96' title="bbox 1024 375 1816 404; baseline 0 -7"><span class='ocrx_word' id='word_1_567' title='bbox 1024 375 1214 398; x_wconf 82' lang='lat' dir='ltr'>sustollere:</span> <span class='ocrx_word' id='word_1_568' title='bbox 1248 382 1308 404; x_wconf 88' lang='lat' dir='ltr'>quos</span> <span class='ocrx_word' id='word_1_569' title='bbox 1328 375 1431 397; x_wconf 85' lang='lat' dir='ltr'>militiae</span> <span class='ocrx_word' id='word_1_570' title='bbox 1452 375 1560 397; x_wconf 73' lang='lat' dir='ltr'>fascibus</span> <span class='ocrx_word' id='word_1_571' title='bbox 1586 376 1715 398; x_wconf 87' lang='lat' dir='ltr'>sustollitis</span> <span class='ocrx_word' id='word_1_572' title='bbox 1740 375 1781 404; x_wconf 80' lang='grc'>93,</span> <span class='ocrx_word' id='word_1_573' title='bbox 1805 382 1816 397; x_wconf 72' lang='lat' dir='ltr'>s</span> 
     </span>
    </p>

    <p class='ocr_par' dir='ltr' id='par_1_49' title="bbox 1023 409 1638 437">
     <span class='ocr_line' id='line_1_97' title="bbox 1023 409 1638 437; baseline 0.002 -6"><span class='ocrx_word' id='word_1_574' title='bbox 1023 409 1221 432; x_wconf 84' lang='lat' dir='ltr'>susurratio:</span> <span class='ocrx_word' id='word_1_575' title='bbox 1243 409 1338 431; x_wconf 81' lang='lat' dir='ltr'>occulta</span> <span class='ocrx_word' id='word_1_576' title='bbox 1357 410 1526 431; x_wconf 86' lang='lat' dir='ltr'>susurratione</span> <span class='ocrx_word' id='word_1_577' title='bbox 1546 409 1587 437; x_wconf 77' lang='grc'>48,</span> <span class='ocrx_word' id='word_1_578' title='bbox 1612 414 1638 432; x_wconf 93' lang='grc'>17</span> 
     </span>
    </p>

    <p class='ocr_par' dir='ltr' id='par_1_50' title="bbox 1023 444 1793 472">
     <span class='ocr_line' id='line_1_98' title="bbox 1023 444 1793 472; baseline 0.001 -7"><span class='ocrx_word' id='word_1_579' title='bbox 1023 444 1223 466; x_wconf 54' lang='grc' dir='ltr'>Ῡ5115111111οῑ</span> <span class='ocrx_word' id='word_1_580' title='bbox 1246 450 1300 465; x_wconf 89' lang='lat' dir='ltr'>cum</span> <span class='ocrx_word' id='word_1_581' title='bbox 1320 450 1401 465; x_wconf 91' lang='lat' dir='ltr'>rumor</span> <span class='ocrx_word' id='word_1_582' title='bbox 1421 450 1451 465; x_wconf 88' lang='lat' dir='ltr'>ex</span> <span class='ocrx_word' id='word_1_583' title='bbox 1472 444 1540 466; x_wconf 83' lang='lat' dir='ltr'>vobis</span> <span class='ocrx_word' id='word_1_584' title='bbox 1560 444 1681 466; x_wconf 87' lang='lat' dir='ltr'>susurriat</span> <span class='ocrx_word' id='word_1_585' title='bbox 1701 444 1741 472; x_wconf 55' lang='lat'>55,</span> <span class='ocrx_word' id='word_1_586' title='bbox 1766 448 1793 466; x_wconf 75' lang='grc'>111</span> 
     </span>
    </p>

    <p class='ocr_par' dir='ltr' id='par_1_51' title="bbox 1023 477 1455 505">
     <span class='ocr_line' id='line_1_99' title="bbox 1023 477 1455 505; baseline 0 -6"><span class='ocrx_word' id='word_1_587' title='bbox 1023 478 1218 500; x_wconf 88' lang='lat' dir='ltr'>susurrium:</span> <span class='ocrx_word' id='word_1_588' title='bbox 1244 478 1360 500; x_wconf 88' lang='lat' dir='ltr'>susurriis</span> <span class='ocrx_word' id='word_1_589' title='bbox 1383 477 1420 505; x_wconf 85' lang='lat'>16,</span> <span class='ocrx_word' id='word_1_590' title='bbox 1445 483 1455 499; x_wconf 73' lang='grc' dir='ltr'>ει</span> 
     </span>
    </p>

    <p class='ocr_par' dir='ltr' id='par_1_52' title="bbox 1024 513 1820 780">
     <span class='ocr_line' id='line_1_100' title="bbox 1024 513 1819 542; baseline 0.001 -9"><span class='ocrx_word' id='word_1_591' title='bbox 1024 519 1110 534; x_wconf 87' lang='lat' dir='ltr'>suus:</span> <span class='ocrx_word' id='word_1_592' title='bbox 1144 518 1245 542; x_wconf 84' lang='lat' dir='ltr'>possum</span> <span class='ocrx_word' id='word_1_593' title='bbox 1271 518 1314 540; x_wconf 86' lang='lat' dir='ltr'>per</span> <span class='ocrx_word' id='word_1_594' title='bbox 1339 518 1508 540; x_wconf 81' lang='lat' dir='ltr'>quaecumque</span> <span class='ocrx_word' id='word_1_595' title='bbox 1534 513 1734 540; x_wconf 81' lang='lat' dir='ltr'>magnificentiae</span> <span class='ocrx_word' id='word_1_596' title='bbox 1760 518 1819 534; x_wconf 88' lang='lat' dir='ltr'>suae</span> 
     </span>
     <span class='ocr_line' id='line_1_101' title="bbox 1057 545 1819 575; baseline 0 -7"><span class='ocrx_word' id='word_1_597' title='bbox 1057 546 1148 574; x_wconf 84' lang='lat' dir='ltr'>scripta</span> <span class='ocrx_word' id='word_1_598' title='bbox 1167 552 1311 575; x_wconf 76' lang='lat' dir='ltr'>cognoscere</span> <span class='ocrx_word' id='word_1_599' title='bbox 1331 545 1372 574; x_wconf 85' lang='grc'>73,</span> <span class='ocrx_word' id='word_1_600' title='bbox 1395 550 1406 569; x_wconf 68' lang='lat' dir='ltr'>S</span> <span class='ocrx_word' id='word_1_601' title='bbox 1451 546 1504 568; x_wconf 91' lang='lat' dir='ltr'>siue</span> <span class='ocrx_word' id='word_1_602' title='bbox 1524 547 1670 568; x_wconf 87' lang='lat' dir='ltr'>verecundia</span> <span class='ocrx_word' id='word_1_603' title='bbox 1690 553 1742 568; x_wconf 88' lang='lat' dir='ltr'>mea</span> <span class='ocrx_word' id='word_1_604' title='bbox 1761 553 1819 568; x_wconf 88' lang='lat' dir='ltr'>sua-</span> 
     </span>
     <span class='ocr_line' id='line_1_102' title="bbox 1057 580 1818 609; baseline 0 -7"><span class='ocrx_word' id='word_1_605' title='bbox 1057 587 1104 609; x_wconf 89' lang='lat' dir='ltr'>que</span> <span class='ocrx_word' id='word_1_606' title='bbox 1124 581 1254 609; x_wconf 87' lang='lat' dir='ltr'>impietate</span> <span class='ocrx_word' id='word_1_607' title='bbox 1273 580 1314 609; x_wconf 81' lang='grc'>73,</span> <span class='ocrx_word' id='word_1_608' title='bbox 1333 584 1360 603; x_wconf 84' lang='grc'>10</span> <span class='ocrx_word' id='word_1_609' title='bbox 1399 580 1599 609; x_wconf 86' lang='lat' dir='ltr'>reprehensionis</span> <span class='ocrx_word' id='word_1_610' title='bbox 1617 587 1676 603; x_wconf 83' lang='lat' dir='ltr'>suae</span> <span class='ocrx_word' id='word_1_611' title='bbox 1690 587 1818 603; x_wconf 86' lang='lat' dir='ltr'>censuram</span> 
     </span>
     <span class='ocr_line' id='line_1_103' title="bbox 1058 613 1820 643; baseline 0 -7"><span class='ocrx_word' id='word_1_612' title='bbox 1058 613 1098 643; x_wconf 88' lang='lat'>73,</span> <span class='ocrx_word' id='word_1_613' title='bbox 1124 618 1148 637; x_wconf 88' lang='grc'>11</span> <span class='ocrx_word' id='word_1_614' title='bbox 1200 621 1262 643; x_wconf 86' lang='lat' dir='ltr'>quae</span> <span class='ocrx_word' id='word_1_615' title='bbox 1281 615 1399 643; x_wconf 79' lang='lat' dir='ltr'>professio</span> <span class='ocrx_word' id='word_1_616' title='bbox 1419 621 1461 636; x_wconf 78' lang='lat' dir='ltr'>sua</span> <span class='ocrx_word' id='word_1_617' title='bbox 1488 614 1528 641; x_wconf 88' lang='lat'>74,</span> <span class='ocrx_word' id='word_1_618' title='bbox 1555 619 1559 636; x_wconf 94' lang='grc'>1</span> <span class='ocrx_word' id='word_1_619' title='bbox 1613 616 1632 637; x_wconf 85' lang='grc'>51</span> <span class='ocrx_word' id='word_1_620' title='bbox 1653 615 1757 637; x_wconf 87' lang='lat' dir='ltr'>scientia</span> <span class='ocrx_word' id='word_1_621' title='bbox 1776 622 1820 636; x_wconf 89' lang='lat' dir='ltr'>sua</span> 
     </span>
     <span class='ocr_line' id='line_1_104' title="bbox 1057 647 1819 677; baseline 0 -7"><span class='ocrx_word' id='word_1_622' title='bbox 1057 648 1150 670; x_wconf 83' lang='lat' dir='ltr'>accedit</span> <span class='ocrx_word' id='word_1_623' title='bbox 1173 647 1213 676; x_wconf 77' lang='lat'>80,</span> <span class='ocrx_word' id='word_1_624' title='bbox 1237 652 1249 671; x_wconf 77' lang='lat'>4</span> <span class='ocrx_word' id='word_1_625' title='bbox 1300 649 1436 670; x_wconf 65' lang='lat' dir='ltr'>satisfactio</span> <span class='ocrx_word' id='word_1_626' title='bbox 1455 655 1499 670; x_wconf 85' lang='lat' dir='ltr'>sua</span> <span class='ocrx_word' id='word_1_627' title='bbox 1525 648 1566 677; x_wconf 72' lang='lat'>84,</span> <span class='ocrx_word' id='word_1_628' title='bbox 1593 653 1618 671; x_wconf 75' lang='lat'>13</span> <span class='ocrx_word' id='word_1_629' title='bbox 1669 649 1819 677; x_wconf 78' lang='lat' dir='ltr'>plebeculam</span> 
     </span>
     <span class='ocr_line' id='line_1_105' title="bbox 1057 681 1819 712; baseline 0 -8"><span class='ocrx_word' id='word_1_630' title='bbox 1057 689 1125 704; x_wconf 88' lang='lat' dir='ltr'>suam</span> <span class='ocrx_word' id='word_1_631' title='bbox 1140 681 1180 709; x_wconf 77' lang='lat'>89,</span> <span class='ocrx_word' id='word_1_632' title='bbox 1200 687 1227 706; x_wconf 87' lang='grc'>13</span> <span class='ocrx_word' id='word_1_633' title='bbox 1265 685 1290 705; x_wconf 83' lang='lat' dir='ltr'>et</span> <span class='ocrx_word' id='word_1_634' title='bbox 1310 690 1375 704; x_wconf 78' lang='lat' dir='ltr'>meas</span> <span class='ocrx_word' id='word_1_635' title='bbox 1394 685 1474 711; x_wconf 84' lang='lat' dir='ltr'>partes</span> <span class='ocrx_word' id='word_1_636' title='bbox 1493 682 1551 704; x_wconf 79' lang='lat' dir='ltr'>cedo</span> <span class='ocrx_word' id='word_1_637' title='bbox 1571 685 1595 705; x_wconf 88' lang='lat' dir='ltr'>et</span> <span class='ocrx_word' id='word_1_638' title='bbox 1609 683 1748 712; x_wconf 86' lang='lat' dir='ltr'>multiplico</span> <span class='ocrx_word' id='word_1_639' title='bbox 1763 690 1819 705; x_wconf 82' lang='lat' dir='ltr'>suas</span> 
     </span>
     <span class='ocr_line' id='line_1_106' title="bbox 1057 716 1819 746; baseline 0 -7"><span class='ocrx_word' id='word_1_640' title='bbox 1057 716 1098 746; x_wconf 88' lang='grc'>91,</span> <span class='ocrx_word' id='word_1_641' title='bbox 1118 721 1144 739; x_wconf 82' lang='grc'>13</span> <span class='ocrx_word' id='word_1_642' title='bbox 1183 723 1353 746; x_wconf 84' lang='lat' dir='ltr'>quaecumque</span> <span class='ocrx_word' id='word_1_643' title='bbox 1370 717 1443 739; x_wconf 86' lang='lat' dir='ltr'>habet</span> <span class='ocrx_word' id='word_1_644' title='bbox 1458 719 1526 746; x_wconf 88' lang='lat' dir='ltr'>pater</span> <span class='ocrx_word' id='word_1_645' title='bbox 1539 720 1564 739; x_wconf 85' lang='lat' dir='ltr'>et</span> <span class='ocrx_word' id='word_1_646' title='bbox 1575 724 1619 739; x_wconf 79' lang='lat' dir='ltr'>sua</span> <span class='ocrx_word' id='word_1_647' title='bbox 1636 718 1674 746; x_wconf 76' lang='lat' dir='ltr'>(sc,</span> <span class='ocrx_word' id='word_1_648' title='bbox 1690 717 1743 746; x_wconf 73' lang='lat' dir='ltr'>filii)</span> <span class='ocrx_word' id='word_1_649' title='bbox 1761 720 1819 739; x_wconf 78' lang='lat' dir='ltr'>sunt</span> 
     </span>
     <span class='ocr_line' id='line_1_107' title="bbox 1056 750 1656 780; baseline -0.002 -6"><span class='ocrx_word' id='word_1_650' title='bbox 1056 750 1098 779; x_wconf 83' lang='grc'>20,</span> <span class='ocrx_word' id='word_1_651' title='bbox 1122 755 1150 774; x_wconf 67' lang='grc'>35</span> <span class='ocrx_word' id='word_1_652' title='bbox 1166 753 1208 774; x_wconf 79' lang='lat' dir='ltr'>etc.</span> <span class='ocrx_word' id='word_1_653' title='bbox 1248 758 1292 773; x_wconf 91' lang='lat' dir='ltr'>sua</span> <span class='ocrx_word' id='word_1_654' title='bbox 1311 751 1445 774; x_wconf 84' lang='lat' dir='ltr'>dilectione</span> <span class='ocrx_word' id='word_1_655' title='bbox 1468 752 1493 779; x_wconf 79' lang='lat' dir='ltr'>(i.</span> <span class='ocrx_word' id='word_1_656' title='bbox 1514 752 1560 780; x_wconf 78' lang='lat' dir='ltr'>sui)</span> <span class='ocrx_word' id='word_1_657' title='bbox 1584 750 1624 780; x_wconf 89' lang='lat'>50,</span> <span class='ocrx_word' id='word_1_658' title='bbox 1650 755 1656 773; x_wconf 89' lang='lat'>1</span> 
     </span>
    </p>
   </div>
   <div class='ocr_carea' id='block_1_21' title="bbox 1024 819 1820 952">
    <p class='ocr_par' dir='ltr' id='par_1_53' title="bbox 1024 819 1820 882">
     <span class='ocr_line' id='line_1_108' title="bbox 1024 819 1820 848; baseline 0.001 -7"><span class='ocrx_word' id='word_1_659' title='bbox 1024 822 1146 842; x_wconf 86' lang='lat' dir='ltr'>tacere:</span> <span class='ocrx_word' id='word_1_660' title='bbox 1180 819 1283 848; x_wconf 86' lang='lat' dir='ltr'>agnovi,</span> <span class='ocrx_word' id='word_1_661' title='bbox 1312 819 1376 848; x_wconf 85' lang='lat' dir='ltr'>quod</span> <span class='ocrx_word' id='word_1_662' title='bbox 1397 826 1451 841; x_wconf 81' lang='lat' dir='ltr'>cum</span> <span class='ocrx_word' id='word_1_663' title='bbox 1471 819 1584 842; x_wconf 78' lang='lat' dir='ltr'>familiari</span> <span class='ocrx_word' id='word_1_664' title='bbox 1609 822 1689 842; x_wconf 86' lang='lat' dir='ltr'>tacere</span> <span class='ocrx_word' id='word_1_665' title='bbox 1709 826 1756 842; x_wconf 90' lang='lat' dir='ltr'>non</span> <span class='ocrx_word' id='word_1_666' title='bbox 1777 819 1820 842; x_wconf 89' lang='lat' dir='ltr'>de-</span> 
     </span>
     <span class='ocr_line' id='line_1_109' title="bbox 1059 852 1239 882; baseline 0.006 -7"><span class='ocrx_word' id='word_1_667' title='bbox 1059 855 1128 876; x_wconf 87' lang='lat' dir='ltr'>beam</span> <span class='ocrx_word' id='word_1_668' title='bbox 1148 852 1188 882; x_wconf 81' lang='grc'>81,</span> <span class='ocrx_word' id='word_1_669' title='bbox 1212 857 1239 876; x_wconf 78' lang='lat'>31</span> 
     </span>
    </p>

    <p class='ocr_par' dir='ltr' id='par_1_54' title="bbox 1024 886 1820 952">
     <span class='ocr_line' id='line_1_110' title="bbox 1024 886 1820 917; baseline 0 -7"><span class='ocrx_word' id='word_1_670' title='bbox 1024 887 1181 911; x_wconf 86' lang='lat' dir='ltr'>taedium:</span> <span class='ocrx_word' id='word_1_671' title='bbox 1215 888 1335 910; x_wconf 86' lang='lat' dir='ltr'>cessantis</span> <span class='ocrx_word' id='word_1_672' title='bbox 1355 888 1430 910; x_wconf 85' lang='lat' dir='ltr'>taedii</span> <span class='ocrx_word' id='word_1_673' title='bbox 1450 888 1619 917; x_wconf 86' lang='lat' dir='ltr'>tranquillitas</span> <span class='ocrx_word' id='word_1_674' title='bbox 1639 886 1680 917; x_wconf 82' lang='lat'>83,</span> <span class='ocrx_word' id='word_1_675' title='bbox 1707 891 1733 910; x_wconf 83' lang='lat'>12</span> <span class='ocrx_word' id='word_1_676' title='bbox 1771 889 1820 910; x_wconf 84' lang='lat' dir='ltr'>vir-</span> 
     </span>
     <span class='ocr_line' id='line_1_111' title="bbox 1058 922 1689 952; baseline 0 -8"><span class='ocrx_word' id='word_1_677' title='bbox 1058 923 1140 950; x_wconf 87' lang='lat' dir='ltr'>ginem</span> <span class='ocrx_word' id='word_1_678' title='bbox 1160 922 1240 944; x_wconf 85' lang='lat' dir='ltr'>taedio</span> <span class='ocrx_word' id='word_1_679' title='bbox 1260 922 1421 944; x_wconf 84' lang='lat' dir='ltr'>incumbente</span> <span class='ocrx_word' id='word_1_680' title='bbox 1441 925 1595 952; x_wconf 83' lang='lat' dir='ltr'>praereptam</span> <span class='ocrx_word' id='word_1_681' title='bbox 1615 922 1655 950; x_wconf 74' lang='lat'>33,</span> <span class='ocrx_word' id='word_1_682' title='bbox 1678 926 1689 944; x_wconf 74' lang='lat'>4</span> 
     </span>
    </p>
   </div>
   <div class='ocr_carea' id='block_1_22' title="bbox 1010 955 1822 1025">
    <p class='ocr_par' dir='ltr' id='par_1_55' title="bbox 1010 955 1822 1025">
     <span class='ocr_line' id='line_1_112' title="bbox 1010 955 1651 985; baseline 0 -7"><span class='ocrx_word' id='word_1_683' title='bbox 1010 957 1204 979; x_wconf 46' lang='lat' dir='ltr'>¹talentum:</span> <span class='ocrx_word' id='word_1_684' title='bbox 1227 956 1376 978; x_wconf 86' lang='lat' dir='ltr'>talentorum</span> <span class='ocrx_word' id='word_1_685' title='bbox 1395 957 1538 978; x_wconf 85' lang='lat' dir='ltr'>caelestium</span> <span class='ocrx_word' id='word_1_686' title='bbox 1561 955 1598 985; x_wconf 72' lang='lat'>18,</span> <span class='ocrx_word' id='word_1_687' title='bbox 1622 960 1651 979; x_wconf 69' lang='grc'>20</span> 
     </span>
     <span class='ocr_line' id='line_1_113' title="bbox 1011 989 1822 1025; baseline 0 -13"><span class='ocrx_word' id='word_1_688' title='bbox 1011 991 1140 1025; x_wconf 53' lang='lat' dir='ltr'>gtaliter</span> <span class='ocrx_word' id='word_1_689' title='bbox 1166 989 1207 1018; x_wconf 83' lang='lat'>53,</span> <span class='ocrx_word' id='word_1_690' title='bbox 1231 996 1253 1013; x_wconf 80' lang='lat' dir='ltr'>o.</span> <span class='ocrx_word' id='word_1_691' title='bbox 1276 990 1315 1019; x_wconf 80' lang='grc'>74,</span> <span class='ocrx_word' id='word_1_692' title='bbox 1341 995 1378 1014; x_wconf 73' lang='lat'>15.</span> <span class='ocrx_word' id='word_1_693' title='bbox 1400 990 1439 1017; x_wconf 80' lang='grc'>78,</span> <span class='ocrx_word' id='word_1_694' title='bbox 1464 995 1502 1013; x_wconf 72' lang='lat'>³⁴.</span> <span class='ocrx_word' id='word_1_695' title='bbox 1526 991 1566 1017; x_wconf 87' lang='grc'>90,</span> <span class='ocrx_word' id='word_1_696' title='bbox 1590 996 1611 1013; x_wconf 73' lang='lat' dir='ltr'>o.</span> <span class='ocrx_word' id='word_1_697' title='bbox 1640 990 1695 1019; x_wconf 81' lang='lat'>105,</span> <span class='ocrx_word' id='word_1_698' title='bbox 1721 995 1747 1013; x_wconf 72' lang='lat' dir='ltr'>in</span> <span class='ocrx_word' id='word_1_699' title='bbox 1785 993 1822 1012; x_wconf 82' lang='lat' dir='ltr'>ta-</span> 
     </span>
    </p>
   </div>
   <div class='ocr_carea' id='block_1_23' title="bbox 1025 1024 1823 1773">
    <p class='ocr_par' dir='ltr' id='par_1_56' title="bbox 1059 1024 1588 1054">
     <span class='ocr_line' id='line_1_114' title="bbox 1059 1024 1588 1054; baseline 0 -7"><span class='ocrx_word' id='word_1_700' title='bbox 1059 1025 1116 1047; x_wconf 86' lang='lat' dir='ltr'>liter</span> <span class='ocrx_word' id='word_1_701' title='bbox 1134 1037 1168 1040; x_wconf 97' lang='lat'><strong>—</strong></span> <span class='ocrx_word' id='word_1_702' title='bbox 1187 1025 1293 1054; x_wconf 81' lang='lat' dir='ltr'>qualiter</span> <span class='ocrx_word' id='word_1_703' title='bbox 1315 1024 1369 1052; x_wconf 84' lang='grc'>119,</span> <span class='ocrx_word' id='word_1_704' title='bbox 1394 1030 1405 1047; x_wconf 76' lang='lat'>3</span> <span class='ocrx_word' id='word_1_705' title='bbox 1426 1025 1460 1052; x_wconf 78' lang='lat' dir='ltr'>cf.</span> <span class='ocrx_word' id='word_1_706' title='bbox 1482 1025 1588 1054; x_wconf 86' lang='lat' dir='ltr'>qualiter</span> 
     </span>
    </p>

    <p class='ocr_par' dir='ltr' id='par_1_57' title="bbox 1025 1058 1823 1533">
     <span class='ocr_line' id='line_1_115' title="bbox 1025 1058 1817 1088; baseline -0.001 -7"><span class='ocrx_word' id='word_1_707' title='bbox 1025 1062 1085 1081; x_wconf 88' lang='lat' dir='ltr'>tam</span> <span class='ocrx_word' id='word_1_708' title='bbox 1104 1072 1137 1075; x_wconf 92' lang='lat'>—</span> <span class='ocrx_word' id='word_1_709' title='bbox 1156 1066 1258 1088; x_wconf 84' lang='lat' dir='ltr'>quam:</span> <span class='ocrx_word' id='word_1_710' title='bbox 1281 1062 1330 1081; x_wconf 89' lang='lat' dir='ltr'>tam</span> <span class='ocrx_word' id='word_1_711' title='bbox 1349 1059 1412 1081; x_wconf 89' lang='lat' dir='ltr'>nihil</span> <span class='ocrx_word' id='word_1_712' title='bbox 1432 1066 1512 1088; x_wconf 85' lang='lat' dir='ltr'>posse,</span> <span class='ocrx_word' id='word_1_713' title='bbox 1534 1066 1606 1088; x_wconf 90' lang='lat' dir='ltr'>quam</span> <span class='ocrx_word' id='word_1_714' title='bbox 1623 1059 1684 1081; x_wconf 89' lang='lat' dir='ltr'>nihil</span> <span class='ocrx_word' id='word_1_715' title='bbox 1705 1059 1755 1088; x_wconf 88' lang='lat' dir='ltr'>pati</span> <span class='ocrx_word' id='word_1_716' title='bbox 1777 1058 1817 1087; x_wconf 74' lang='grc'>23,</span> 
     </span>
     <span class='ocr_line' id='line_1_116' title="bbox 1062 1092 1820 1122; baseline 0 -7"><span class='ocrx_word' id='word_1_717' title='bbox 1062 1097 1089 1116; x_wconf 73' lang='grc'>13</span> <span class='ocrx_word' id='word_1_718' title='bbox 1127 1096 1176 1115; x_wconf 87' lang='lat' dir='ltr'>tam</span> <span class='ocrx_word' id='word_1_719' title='bbox 1196 1093 1240 1116; x_wconf 85' lang='lat' dir='ltr'>deo</span> <span class='ocrx_word' id='word_1_720' title='bbox 1260 1100 1331 1122; x_wconf 83' lang='lat' dir='ltr'>quam</span> <span class='ocrx_word' id='word_1_721' title='bbox 1352 1093 1446 1115; x_wconf 86' lang='lat' dir='ltr'>homini</span> <span class='ocrx_word' id='word_1_722' title='bbox 1461 1100 1515 1115; x_wconf 76' lang='lat' dir='ltr'>vero</span> <span class='ocrx_word' id='word_1_723' title='bbox 1528 1092 1570 1122; x_wconf 90' lang='lat'>61,</span> <span class='ocrx_word' id='word_1_724' title='bbox 1587 1096 1615 1117; x_wconf 80' lang='grc'>32</span> <span class='ocrx_word' id='word_1_725' title='bbox 1653 1094 1699 1115; x_wconf 85' lang='lat' dir='ltr'>sub</span> <span class='ocrx_word' id='word_1_726' title='bbox 1719 1093 1820 1115; x_wconf 85' lang='grc'>11301100</span> 
     </span>
     <span class='ocr_line' id='line_1_117' title="bbox 1060 1127 1821 1157; baseline 0 -8"><span class='ocrx_word' id='word_1_727' title='bbox 1060 1131 1109 1149; x_wconf 85' lang='lat' dir='ltr'>tam</span> <span class='ocrx_word' id='word_1_728' title='bbox 1130 1128 1285 1157; x_wconf 88' lang='lat' dir='ltr'>separatione</span> <span class='ocrx_word' id='word_1_729' title='bbox 1306 1134 1378 1156; x_wconf 84' lang='lat' dir='ltr'>quam</span> <span class='ocrx_word' id='word_1_730' title='bbox 1399 1128 1557 1150; x_wconf 84' lang='lat' dir='ltr'>simulatione</span> <span class='ocrx_word' id='word_1_731' title='bbox 1577 1127 1618 1154; x_wconf 87' lang='grc'>22,</span> <span class='ocrx_word' id='word_1_732' title='bbox 1644 1132 1670 1150; x_wconf 66' lang='grc'>13</span> <span class='ocrx_word' id='word_1_733' title='bbox 1708 1131 1758 1149; x_wconf 90' lang='lat' dir='ltr'>tam</span> <span class='ocrx_word' id='word_1_734' title='bbox 1777 1127 1821 1149; x_wconf 90' lang='lat' dir='ltr'>ab-</span> 
     </span>
     <span class='ocr_line' id='line_1_118' title="bbox 1061 1161 1821 1191; baseline -0.001 -7"><span class='ocrx_word' id='word_1_735' title='bbox 1061 1162 1170 1184; x_wconf 84' lang='lat' dir='ltr'>sentium</span> <span class='ocrx_word' id='word_1_736' title='bbox 1190 1168 1262 1191; x_wconf 87' lang='lat' dir='ltr'>quam</span> <span class='ocrx_word' id='word_1_737' title='bbox 1282 1162 1452 1190; x_wconf 86' lang='lat' dir='ltr'>praesentium</span> <span class='ocrx_word' id='word_1_738' title='bbox 1471 1162 1560 1183; x_wconf 80' lang='lat' dir='ltr'>officiis</span> <span class='ocrx_word' id='word_1_739' title='bbox 1581 1161 1622 1191; x_wconf 83' lang='lat'>79,</span> <span class='ocrx_word' id='word_1_740' title='bbox 1641 1165 1668 1184; x_wconf 87' lang='grc'>12</span> <span class='ocrx_word' id='word_1_741' title='bbox 1706 1162 1757 1183; x_wconf 88' lang='lat' dir='ltr'>viro</span> <span class='ocrx_word' id='word_1_742' title='bbox 1771 1164 1821 1183; x_wconf 87' lang='lat' dir='ltr'>tam</span> 
     </span>
     <span class='ocr_line' id='line_1_119' title="bbox 1059 1195 1820 1224; baseline -0.001 -6"><span class='ocrx_word' id='word_1_743' title='bbox 1059 1196 1168 1223; x_wconf 79' lang='lat' dir='ltr'>religiosi</span> <span class='ocrx_word' id='word_1_744' title='bbox 1189 1203 1262 1224; x_wconf 91' lang='lat' dir='ltr'>quam</span> <span class='ocrx_word' id='word_1_745' title='bbox 1282 1196 1386 1218; x_wconf 85' lang='lat' dir='ltr'>sollertis</span> <span class='ocrx_word' id='word_1_746' title='bbox 1405 1196 1501 1224; x_wconf 86' lang='lat' dir='ltr'>ingenii</span> <span class='ocrx_word' id='word_1_747' title='bbox 1523 1195 1577 1223; x_wconf 88' lang='grc'>110,</span> <span class='ocrx_word' id='word_1_748' title='bbox 1602 1200 1630 1219; x_wconf 70' lang='lat'>:50</span> <span class='ocrx_word' id='word_1_749' title='bbox 1675 1198 1723 1218; x_wconf 86' lang='lat' dir='ltr'>tam</span> <span class='ocrx_word' id='word_1_750' title='bbox 1743 1198 1820 1217; x_wconf 87' lang='lat' dir='ltr'>terre-</span> 
     </span>
     <span class='ocr_line' id='line_1_120' title="bbox 1060 1229 1822 1259; baseline -0.001 -7"><span class='ocrx_word' id='word_1_751' title='bbox 1060 1231 1119 1252; x_wconf 90' lang='lat' dir='ltr'>stria</span> <span class='ocrx_word' id='word_1_752' title='bbox 1138 1237 1211 1259; x_wconf 86' lang='lat' dir='ltr'>quam</span> <span class='ocrx_word' id='word_1_753' title='bbox 1231 1237 1338 1259; x_wconf 87' lang='lat' dir='ltr'>superna</span> <span class='ocrx_word' id='word_1_754' title='bbox 1358 1230 1492 1252; x_wconf 85' lang='lat' dir='ltr'>sollicitans</span> <span class='ocrx_word' id='word_1_755' title='bbox 1510 1229 1566 1258; x_wconf 82' lang='grc'>150,</span> <span class='ocrx_word' id='word_1_756' title='bbox 1585 1234 1612 1252; x_wconf 76' lang='grc'>11)</span> <span class='ocrx_word' id='word_1_757' title='bbox 1651 1237 1723 1258; x_wconf 81' lang='lat' dir='ltr'>quam</span> <span class='ocrx_word' id='word_1_758' title='bbox 1743 1230 1822 1252; x_wconf 90' lang='lat' dir='ltr'>dulcis</span> 
     </span>
     <span class='ocr_line' id='line_1_121' title="bbox 1059 1263 1821 1293; baseline 0 -7"><span class='ocrx_word' id='word_1_759' title='bbox 1059 1267 1107 1286; x_wconf 90' lang='lat' dir='ltr'>tam</span> <span class='ocrx_word' id='word_1_760' title='bbox 1122 1264 1238 1287; x_wconf 86' lang='lat' dir='ltr'>terribilis</span> <span class='ocrx_word' id='word_1_761' title='bbox 1253 1265 1319 1287; x_wconf 83' lang='lat' dir='ltr'>locus</span> <span class='ocrx_word' id='word_1_762' title='bbox 1337 1263 1390 1291; x_wconf 88' lang='lat'>125,</span> <span class='ocrx_word' id='word_1_763' title='bbox 1409 1268 1437 1286; x_wconf 83' lang='grc' dir='ltr'>2ο</span> <span class='ocrx_word' id='word_1_764' title='bbox 1476 1271 1549 1293; x_wconf 78' lang='lat' dir='ltr'>quam</span> <span class='ocrx_word' id='word_1_765' title='bbox 1569 1267 1635 1286; x_wconf 85' lang='lat' dir='ltr'>secta</span> <span class='ocrx_word' id='word_1_766' title='bbox 1649 1264 1758 1286; x_wconf 88' lang='lat' dir='ltr'>distante</span> <span class='ocrx_word' id='word_1_767' title='bbox 1772 1267 1821 1286; x_wconf 84' lang='lat' dir='ltr'>tam</span> 
     </span>
     <span class='ocr_line' id='line_1_122' title="bbox 1061 1298 1822 1327; baseline -0.001 -6"><span class='ocrx_word' id='word_1_768' title='bbox 1061 1299 1138 1327; x_wconf 83' lang='lat' dir='ltr'>patria</span> <span class='ocrx_word' id='word_1_769' title='bbox 1158 1298 1197 1327; x_wconf 83' lang='lat'>57,</span> <span class='ocrx_word' id='word_1_770' title='bbox 1222 1301 1250 1321; x_wconf 70' lang='lat'>22⁵</span> <span class='ocrx_word' id='word_1_771' title='bbox 1301 1302 1328 1321; x_wconf 92' lang='lat' dir='ltr'>ut</span> <span class='ocrx_word' id='word_1_772' title='bbox 1347 1299 1417 1321; x_wconf 89' lang='lat' dir='ltr'>nobis</span> <span class='ocrx_word' id='word_1_773' title='bbox 1437 1305 1509 1327; x_wconf 82' lang='lat' dir='ltr'>quam</span> <span class='ocrx_word' id='word_1_774' title='bbox 1530 1305 1619 1320; x_wconf 90' lang='lat' dir='ltr'>novum</span> <span class='ocrx_word' id='word_1_775' title='bbox 1640 1305 1687 1320; x_wconf 91' lang='lat' dir='ltr'>non</span> <span class='ocrx_word' id='word_1_776' title='bbox 1707 1301 1745 1320; x_wconf 92' lang='lat' dir='ltr'>est</span> <span class='ocrx_word' id='word_1_777' title='bbox 1764 1298 1822 1320; x_wconf 89' lang='lat' dir='ltr'>talia</span> 
     </span>
     <span class='ocr_line' id='line_1_123' title="bbox 1059 1333 1822 1361; baseline 0 -7"><span class='ocrx_word' id='word_1_778' title='bbox 1059 1333 1134 1361; x_wconf 87' lang='lat' dir='ltr'>obici,</span> <span class='ocrx_word' id='word_1_779' title='bbox 1163 1335 1212 1355; x_wconf 84' lang='lat' dir='ltr'>tam</span> <span class='ocrx_word' id='word_1_780' title='bbox 1241 1339 1284 1355; x_wconf 84' lang='lat' dir='ltr'>rios</span> <span class='ocrx_word' id='word_1_781' title='bbox 1310 1333 1359 1355; x_wconf 89' lang='lat' dir='ltr'>ulla</span> <span class='ocrx_word' id='word_1_782' title='bbox 1385 1334 1480 1355; x_wconf 86' lang='lat' dir='ltr'>novitas</span> <span class='ocrx_word' id='word_1_783' title='bbox 1505 1333 1603 1355; x_wconf 88' lang='lat' dir='ltr'>meritos</span> <span class='ocrx_word' id='word_1_784' title='bbox 1624 1333 1696 1355; x_wconf 77' lang='lat' dir='ltr'>saciat</span> <span class='ocrx_word' id='word_1_785' title='bbox 1714 1333 1822 1355; x_wconf 84' lang='lat' dir='ltr'>accusari</span> 
     </span>
     <span class='ocr_line' id='line_1_124' title="bbox 1060 1366 1820 1396; baseline -0.003 -6"><span class='ocrx_word' id='word_1_786' title='bbox 1060 1366 1101 1394; x_wconf 78' lang='lat'>80,</span> <span class='ocrx_word' id='word_1_787' title='bbox 1121 1371 1147 1390; x_wconf 80' lang='lat'>15</span> <span class='ocrx_word' id='word_1_788' title='bbox 1186 1374 1259 1396; x_wconf 86' lang='lat' dir='ltr'>quam</span> <span class='ocrx_word' id='word_1_789' title='bbox 1279 1374 1321 1396; x_wconf 91' lang='lat' dir='ltr'>pro</span> <span class='ocrx_word' id='word_1_790' title='bbox 1335 1370 1358 1389; x_wconf 90' lang='lat' dir='ltr'>te</span> <span class='ocrx_word' id='word_1_791' title='bbox 1373 1370 1422 1389; x_wconf 85' lang='lat' dir='ltr'>tam</span> <span class='ocrx_word' id='word_1_792' title='bbox 1437 1374 1478 1396; x_wconf 87' lang='lat' dir='ltr'>pro</span> <span class='ocrx_word' id='word_1_793' title='bbox 1492 1368 1607 1389; x_wconf 87' lang='lat' dir='ltr'>omuibus</span> <span class='ocrx_word' id='word_1_794' title='bbox 1621 1366 1662 1394; x_wconf 73' lang='lat'>83,</span> <span class='ocrx_word' id='word_1_795' title='bbox 1680 1370 1707 1389; x_wconf 87' lang='grc'>27</span> <span class='ocrx_word' id='word_1_796' title='bbox 1748 1373 1820 1396; x_wconf 85' lang='lat' dir='ltr'>quam</span> 
     </span>
     <span class='ocr_line' id='line_1_125' title="bbox 1060 1402 1823 1430; baseline 0 -8"><span class='ocrx_word' id='word_1_797' title='bbox 1060 1408 1101 1423; x_wconf 90' lang='lat' dir='ltr'>vos</span> <span class='ocrx_word' id='word_1_798' title='bbox 1127 1404 1184 1424; x_wconf 88' lang='lat' dir='ltr'>ante</span> <span class='ocrx_word' id='word_1_799' title='bbox 1207 1402 1294 1424; x_wconf 85' lang='lat' dir='ltr'>civitas</span> <span class='ocrx_word' id='word_1_800' title='bbox 1314 1402 1451 1430; x_wconf 80' lang='lat' dir='ltr'>flagitabat,</span> <span class='ocrx_word' id='word_1_801' title='bbox 1479 1405 1526 1423; x_wconf 89' lang='lat' dir='ltr'>tam</span> <span class='ocrx_word' id='word_1_802' title='bbox 1554 1408 1619 1423; x_wconf 75' lang='lat' dir='ltr'>nunc</span> <span class='ocrx_word' id='word_1_803' title='bbox 1643 1402 1708 1423; x_wconf 85' lang='lat' dir='ltr'>intra</span> <span class='ocrx_word' id='word_1_804' title='bbox 1728 1402 1823 1423; x_wconf 83' lang='lat' dir='ltr'>moenia</span> 
     </span>
     <span class='ocr_line' id='line_1_126' title="bbox 1061 1435 1823 1465; baseline 0 -7"><span class='ocrx_word' id='word_1_805' title='bbox 1061 1437 1157 1465; x_wconf 85' lang='lat' dir='ltr'>quaerit</span> <span class='ocrx_word' id='word_1_806' title='bbox 1175 1436 1262 1458; x_wconf 86' lang='lat' dir='ltr'>relicta</span> <span class='ocrx_word' id='word_1_807' title='bbox 1281 1436 1402 1465; x_wconf 81' lang='lat' dir='ltr'>possessio</span> <span class='ocrx_word' id='word_1_808' title='bbox 1425 1435 1480 1461; x_wconf 77' lang='grc'>103,</span> <span class='ocrx_word' id='word_1_809' title='bbox 1498 1441 1509 1458; x_wconf 76' lang='lat' dir='ltr'>o</span> <span class='ocrx_word' id='word_1_810' title='bbox 1548 1443 1620 1464; x_wconf 85' lang='lat' dir='ltr'>quam</span> <span class='ocrx_word' id='word_1_811' title='bbox 1640 1442 1681 1464; x_wconf 90' lang='lat' dir='ltr'>pro</span> <span class='ocrx_word' id='word_1_812' title='bbox 1701 1438 1766 1458; x_wconf 82' lang='lat' dir='ltr'>certo</span> <span class='ocrx_word' id='word_1_813' title='bbox 1786 1438 1823 1458; x_wconf 87' lang='lat' dir='ltr'>te-</span> 
     </span>
     <span class='ocr_line' id='line_1_127' title="bbox 1060 1470 1820 1498; baseline -0.001 -6"><span class='ocrx_word' id='word_1_814' title='bbox 1060 1477 1148 1492; x_wconf 88' lang='lat' dir='ltr'>nemus</span> <span class='ocrx_word' id='word_1_815' title='bbox 1168 1477 1210 1492; x_wconf 90' lang='lat' dir='ltr'>nos</span> <span class='ocrx_word' id='word_1_816' title='bbox 1231 1470 1309 1492; x_wconf 86' lang='lat' dir='ltr'>nudos</span> <span class='ocrx_word' id='word_1_817' title='bbox 1329 1471 1355 1492; x_wconf 93' lang='lat' dir='ltr'>in</span> <span class='ocrx_word' id='word_1_818' title='bbox 1375 1474 1465 1492; x_wconf 88' lang='lat' dir='ltr'>terram</span> <span class='ocrx_word' id='word_1_819' title='bbox 1481 1470 1588 1498; x_wconf 85' lang='lat' dir='ltr'>venisse,</span> <span class='ocrx_word' id='word_1_820' title='bbox 1611 1472 1660 1492; x_wconf 87' lang='lat' dir='ltr'>tam</span> <span class='ocrx_word' id='word_1_821' title='bbox 1674 1473 1737 1491; x_wconf 83' lang='lat' dir='ltr'>certo</span> <span class='ocrx_word' id='word_1_822' title='bbox 1757 1470 1820 1492; x_wconf 84' lang='lat' dir='ltr'>scia-</span> 
     </span>
     <span class='ocr_line' id='line_1_128' title="bbox 1060 1502 1820 1533; baseline 0 -7"><span class='ocrx_word' id='word_1_823' title='bbox 1060 1511 1114 1526; x_wconf 88' lang='lat' dir='ltr'>mus</span> <span class='ocrx_word' id='word_1_824' title='bbox 1134 1504 1163 1526; x_wconf 92' lang='lat' dir='ltr'>de</span> <span class='ocrx_word' id='word_1_825' title='bbox 1182 1505 1341 1526; x_wconf 84' lang='lat' dir='ltr'>terrestribus</span> <span class='ocrx_word' id='word_1_826' title='bbox 1361 1511 1403 1527; x_wconf 90' lang='lat' dir='ltr'>nos</span> <span class='ocrx_word' id='word_1_827' title='bbox 1423 1505 1520 1526; x_wconf 79' lang='lat' dir='ltr'>auferre</span> <span class='ocrx_word' id='word_1_828' title='bbox 1540 1504 1602 1526; x_wconf 86' lang='lat' dir='ltr'>nihil</span> <span class='ocrx_word' id='word_1_829' title='bbox 1622 1510 1692 1533; x_wconf 89' lang='lat' dir='ltr'>posse</span> <span class='ocrx_word' id='word_1_830' title='bbox 1715 1502 1769 1532; x_wconf 81' lang='lat'>118,</span> <span class='ocrx_word' id='word_1_831' title='bbox 1794 1508 1820 1526; x_wconf 79' lang='grc'>11)</span> 
     </span>
    </p>

    <p class='ocr_par' dir='ltr' id='par_1_58' title="bbox 1026 1538 1820 1599">
     <span class='ocr_line' id='line_1_129' title="bbox 1026 1538 1820 1567; baseline -0.001 -7"><span class='ocrx_word' id='word_1_832' title='bbox 1026 1539 1194 1561; x_wconf 82' lang='lat' dir='ltr'>tantillus:</span> <span class='ocrx_word' id='word_1_833' title='bbox 1224 1538 1366 1567; x_wconf 86' lang='lat' dir='ltr'>(tanti)llum</span> <span class='ocrx_word' id='word_1_834' title='bbox 1385 1538 1468 1567; x_wconf 80' lang='lat' dir='ltr'>gaudii</span> <span class='ocrx_word' id='word_1_835' title='bbox 1492 1538 1548 1566; x_wconf 83' lang='lat'>141,</span> <span class='ocrx_word' id='word_1_836' title='bbox 1571 1542 1600 1561; x_wconf 67' lang='lat'>26</span> <span class='ocrx_word' id='word_1_837' title='bbox 1651 1538 1762 1560; x_wconf 82' lang='lat' dir='ltr'>tantillae</span> <span class='ocrx_word' id='word_1_838' title='bbox 1782 1538 1820 1559; x_wconf 88' lang='lat' dir='ltr'>di·-</span> 
     </span>
     <span class='ocr_line' id='line_1_130' title="bbox 1061 1572 1290 1599; baseline 0.004 -5"><span class='ocrx_word' id='word_1_839' title='bbox 1061 1573 1160 1595; x_wconf 88' lang='lat' dir='ltr'>lationis</span> <span class='ocrx_word' id='word_1_840' title='bbox 1182 1572 1238 1599; x_wconf 86' lang='lat'>126,</span> <span class='ocrx_word' id='word_1_841' title='bbox 1264 1577 1290 1595; x_wconf 83' lang='lat'>13</span> 
     </span>
    </p>

    <p class='ocr_par' dir='ltr' id='par_1_59' title="bbox 1026 1606 1308 1636">
     <span class='ocr_line' id='line_1_131' title="bbox 1026 1606 1308 1636; baseline 0 -7"><span class='ocrx_word' id='word_1_842' title='bbox 1026 1607 1153 1636; x_wconf 79' lang='lat' dir='ltr'>tautisp</span> <span class='ocrx_word' id='word_1_843' title='bbox 1165 1614 1195 1629; x_wconf 89' lang='lat' dir='ltr'>er</span> <span class='ocrx_word' id='word_1_844' title='bbox 1215 1606 1255 1634; x_wconf 86' lang='lat'>66,</span> <span class='ocrx_word' id='word_1_845' title='bbox 1279 1610 1308 1629; x_wconf 69' lang='lat'>25»</span> 
     </span>
    </p>

    <p class='ocr_par' dir='ltr' id='par_1_60' title="bbox 1025 1640 1822 1738">
     <span class='ocr_line' id='line_1_132' title="bbox 1025 1640 1822 1670; baseline -0.001 -7"><span class='ocrx_word' id='word_1_846' title='bbox 1025 1644 1151 1663; x_wconf 87' lang='lat' dir='ltr'>tantus:</span> <span class='ocrx_word' id='word_1_847' title='bbox 1180 1642 1239 1670; x_wconf 90' lang='lat' dir='ltr'>quia</span> <span class='ocrx_word' id='word_1_848' title='bbox 1258 1642 1320 1663; x_wconf 86' lang='lat' dir='ltr'>tanti</span> <span class='ocrx_word' id='word_1_849' title='bbox 1342 1640 1463 1663; x_wconf 90' lang='lat' dir='ltr'>habuistis</span> <span class='ocrx_word' id='word_1_850' title='bbox 1482 1641 1565 1663; x_wconf 84' lang='lat' dir='ltr'>iubere</span> <span class='ocrx_word' id='word_1_851' title='bbox 1585 1640 1626 1669; x_wconf 86' lang='grc'>49,</span> <span class='ocrx_word' id='word_1_852' title='bbox 1652 1645 1677 1663; x_wconf 84' lang='grc'>17</span> <span class='ocrx_word' id='word_1_853' title='bbox 1723 1641 1747 1662; x_wconf 93' lang='lat' dir='ltr'>in</span> <span class='ocrx_word' id='word_1_854' title='bbox 1768 1643 1822 1662; x_wconf 89' lang='lat' dir='ltr'>tan-</span> 
     </span>
     <span class='ocr_line' id='line_1_133' title="bbox 1059 1674 1818 1704; baseline -0.001 -6"><span class='ocrx_word' id='word_1_855' title='bbox 1059 1679 1112 1698; x_wconf 88' lang='lat' dir='ltr'>tum</span> <span class='ocrx_word' id='word_1_856' title='bbox 1135 1675 1182 1698; x_wconf 71' lang='lat' dir='ltr'>uid.</span> <span class='ocrx_word' id='word_1_857' title='bbox 1198 1676 1224 1697; x_wconf 91' lang='lat' dir='ltr'>in</span> <span class='ocrx_word' id='word_1_858' title='bbox 1239 1679 1343 1698; x_wconf 87' lang='lat' dir='ltr'>tantum.</span> <span class='ocrx_word' id='word_1_859' title='bbox 1365 1688 1397 1691; x_wconf 92' lang='lat'>—</span> <span class='ocrx_word' id='word_1_860' title='bbox 1417 1678 1501 1697; x_wconf 82' lang='lat' dir='ltr'>tantus</span> <span class='ocrx_word' id='word_1_861' title='bbox 1517 1683 1561 1704; x_wconf 80' lang='lat' dir='ltr'>pro</span> <span class='ocrx_word' id='word_1_862' title='bbox 1576 1678 1610 1697; x_wconf 90' lang='lat' dir='ltr'>tot</span> <span class='ocrx_word' id='word_1_863' title='bbox 1625 1674 1667 1703; x_wconf 74' lang='lat' dir='ltr'>(ef.</span> <span class='ocrx_word' id='word_1_864' title='bbox 1684 1676 1800 1704; x_wconf 78' lang='lat' dir='ltr'>quantus)</span> <span class='ocrx_word' id='word_1_865' title='bbox 1815 1683 1818 1697; x_wconf 77' lang='lat'>1</span> 
     </span>
     <span class='ocr_line' id='line_1_134' title="bbox 1061 1710 1454 1738; baseline 0 -7"><span class='ocrx_word' id='word_1_866' title='bbox 1061 1711 1136 1732; x_wconf 88' lang='lat' dir='ltr'>tantis</span> <span class='ocrx_word' id='word_1_867' title='bbox 1156 1712 1218 1732; x_wconf 83' lang='lat' dir='ltr'>retro</span> <span class='ocrx_word' id='word_1_868' title='bbox 1237 1710 1341 1732; x_wconf 84' lang='lat' dir='ltr'>saeculis</span> <span class='ocrx_word' id='word_1_869' title='bbox 1361 1710 1403 1738; x_wconf 83' lang='lat'>60,</span> <span class='ocrx_word' id='word_1_870' title='bbox 1428 1714 1454 1732; x_wconf 61' lang='lat'>122</span> 
     </span>
    </p>

    <p class='ocr_par' dir='ltr' id='par_1_61' title="bbox 1026 1743 1703 1773">
     <span class='ocr_line' id='line_1_135' title="bbox 1026 1743 1703 1773; baseline -0.001 -7"><span class='ocrx_word' id='word_1_871' title='bbox 1026 1746 1168 1766; x_wconf 75' lang='lat' dir='ltr'>taxator:</span> <span class='ocrx_word' id='word_1_872' title='bbox 1190 1745 1343 1773; x_wconf 85' lang='lat' dir='ltr'>propriorum</span> <span class='ocrx_word' id='word_1_873' title='bbox 1364 1751 1465 1773; x_wconf 88' lang='lat' dir='ltr'>operum</span> <span class='ocrx_word' id='word_1_874' title='bbox 1485 1744 1589 1765; x_wconf 74' lang='lat' dir='ltr'>taxatori</span> <span class='ocrx_word' id='word_1_875' title='bbox 1612 1743 1668 1773; x_wconf 85' lang='lat'>142,</span> <span class='ocrx_word' id='word_1_876' title='bbox 1692 1748 1703 1765; x_wconf 88' lang='lat'>5</span> 
     </span>
    </p>
   </div>
   <div class='ocr_carea' id='block_1_24' title="bbox 1025 1812 1826 2801">
    <p class='ocr_par' dir='ltr' id='par_1_62' title="bbox 1025 1812 1822 1910">
     <span class='ocr_line' id='line_1_136' title="bbox 1025 1812 1817 1842; baseline -0.001 -8"><span class='ocrx_word' id='word_1_877' title='bbox 1025 1815 1322 1841; x_wconf 80' lang='lat' dir='ltr'>temperamentum:</span> <span class='ocrx_word' id='word_1_878' title='bbox 1357 1819 1384 1834; x_wconf 90' lang='lat' dir='ltr'>eo</span> <span class='ocrx_word' id='word_1_879' title='bbox 1403 1815 1597 1842; x_wconf 84' lang='lat' dir='ltr'>temperamento</span> <span class='ocrx_word' id='word_1_880' title='bbox 1623 1812 1684 1834; x_wconf 86' lang='lat' dir='ltr'>hanc</span> <span class='ocrx_word' id='word_1_881' title='bbox 1711 1812 1817 1840; x_wconf 63' lang='lat' dir='ltr'>(medici)</span> 
     </span>
     <span class='ocr_line' id='line_1_137' title="bbox 1060 1845 1822 1876; baseline -0.003 -7"><span class='ocrx_word' id='word_1_882' title='bbox 1060 1854 1142 1869; x_wconf 81' lang='lat' dir='ltr'>curam</span> <span class='ocrx_word' id='word_1_883' title='bbox 1162 1847 1274 1876; x_wconf 88' lang='lat' dir='ltr'>requirit,</span> <span class='ocrx_word' id='word_1_884' title='bbox 1297 1850 1325 1869; x_wconf 91' lang='lat' dir='ltr'>ut</span> <span class='ocrx_word' id='word_1_885' title='bbox 1343 1846 1382 1874; x_wconf 82' lang='lat'>45,</span> <span class='ocrx_word' id='word_1_886' title='bbox 1404 1851 1429 1869; x_wconf 71' lang='grc'>14</span> <span class='ocrx_word' id='word_1_887' title='bbox 1467 1847 1514 1869; x_wconf 90' lang='lat' dir='ltr'>sub</span> <span class='ocrx_word' id='word_1_888' title='bbox 1534 1847 1723 1875; x_wconf 86' lang='lat' dir='ltr'>temperamenti</span> <span class='ocrx_word' id='word_1_889' title='bbox 1743 1845 1822 1868; x_wconf 78' lang='lat' dir='ltr'>mediO</span> 
     </span>
     <span class='ocr_line' id='line_1_138' title="bbox 1062 1881 1151 1910; baseline 0 -7"><span class='ocrx_word' id='word_1_890' title='bbox 1062 1881 1100 1910; x_wconf 88' lang='lat'>16,</span> <span class='ocrx_word' id='word_1_891' title='bbox 1125 1885 1151 1904; x_wconf 86' lang='lat'>31</span> 
     </span>
    </p>

    <p class='ocr_par' dir='ltr' id='par_1_63' title="bbox 1026 1913 1821 2012">
     <span class='ocr_line' id='line_1_139' title="bbox 1026 1913 1820 1944; baseline -0.001 -7"><span class='ocrx_word' id='word_1_892' title='bbox 1026 1919 1219 1944; x_wconf 83' lang='lat' dir='ltr'>temperare:</span> <span class='ocrx_word' id='word_1_893' title='bbox 1253 1915 1393 1937; x_wconf 85' lang='lat' dir='ltr'>severitatis</span> <span class='ocrx_word' id='word_1_894' title='bbox 1421 1915 1531 1937; x_wconf 88' lang='lat' dir='ltr'>ordinem</span> <span class='ocrx_word' id='word_1_895' title='bbox 1559 1917 1695 1944; x_wconf 82' lang='lat' dir='ltr'>temperare</span> <span class='ocrx_word' id='word_1_896' title='bbox 1722 1913 1767 1944; x_wconf 83' lang='grc'>-19,</span> <span class='ocrx_word' id='word_1_897' title='bbox 1794 1918 1820 1936; x_wconf 63' lang='grc'>111</span> 
     </span>
     <span class='ocr_line' id='line_1_140' title="bbox 1062 1949 1821 1978; baseline -0.001 -7"><span class='ocrx_word' id='word_1_898' title='bbox 1062 1950 1155 1972; x_wconf 81' lang='lat' dir='ltr'>minam</span> <span class='ocrx_word' id='word_1_899' title='bbox 1176 1950 1215 1972; x_wconf 84' lang='lat' dir='ltr'>vel</span> <span class='ocrx_word' id='word_1_900' title='bbox 1234 1950 1269 1972; x_wconf 88' lang='lat' dir='ltr'>sic</span> <span class='ocrx_word' id='word_1_901' title='bbox 1289 1957 1315 1972; x_wconf 84' lang='lat' dir='ltr'>se</span> <span class='ocrx_word' id='word_1_902' title='bbox 1335 1952 1497 1978; x_wconf 83' lang='lat' dir='ltr'>temperasset</span> <span class='ocrx_word' id='word_1_903' title='bbox 1515 1950 1660 1978; x_wconf 82' lang='lat' dir='ltr'>obscenitas,</span> <span class='ocrx_word' id='word_1_904' title='bbox 1689 1952 1716 1971; x_wconf 90' lang='lat' dir='ltr'>ut</span> <span class='ocrx_word' id='word_1_905' title='bbox 1735 1949 1821 1971; x_wconf 87' lang='lat' dir='ltr'>lateret</span> 
     </span>
     <span class='ocr_line' id='line_1_141' title="bbox 1061 1983 1152 2012; baseline 0 -6"><span class='ocrx_word' id='word_1_906' title='bbox 1061 1983 1100 2012; x_wconf 61' lang='grc'>84,</span> <span class='ocrx_word' id='word_1_907' title='bbox 1127 1988 1152 2006; x_wconf 84' lang='lat'>17</span> 
     </span>
    </p>

    <p class='ocr_par' dir='ltr' id='par_1_64' title="bbox 1026 2017 1803 2048">
     <span class='ocr_line' id='line_1_142' title="bbox 1026 2017 1803 2048; baseline 0 -9"><span class='ocrx_word' id='word_1_908' title='bbox 1026 2021 1208 2047; x_wconf 81' lang='lat' dir='ltr'>temperate:</span> <span class='ocrx_word' id='word_1_909' title='bbox 1232 2019 1345 2040; x_wconf 83' lang='lat' dir='ltr'>volumen</span> <span class='ocrx_word' id='word_1_910' title='bbox 1365 2018 1526 2048; x_wconf 83' lang='lat' dir='ltr'>temperatius</span> <span class='ocrx_word' id='word_1_911' title='bbox 1545 2017 1707 2045; x_wconf 87' lang='lat' dir='ltr'>ingerendum</span> <span class='ocrx_word' id='word_1_912' title='bbox 1728 2017 1769 2044; x_wconf 70' lang='lat'>73,</span> <span class='ocrx_word' id='word_1_913' title='bbox 1793 2021 1803 2039; x_wconf 92' lang='grc'>7</span> 
     </span>
    </p>

    <p class='ocr_par' dir='ltr' id='par_1_65' title="bbox 1027 2052 1822 2115">
     <span class='ocr_line' id='line_1_143' title="bbox 1027 2052 1822 2082; baseline -0.001 -8"><span class='ocrx_word' id='word_1_914' title='bbox 1027 2055 1242 2081; x_wconf 83' lang='lat' dir='ltr'>temperatus:</span> <span class='ocrx_word' id='word_1_915' title='bbox 1282 2053 1485 2082; x_wconf 84' lang='lat' dir='ltr'>temperatissimi</span> <span class='ocrx_word' id='word_1_916' title='bbox 1516 2052 1560 2081; x_wconf 76' lang='lat' dir='ltr'>(vel</span> <span class='ocrx_word' id='word_1_917' title='bbox 1592 2052 1822 2081; x_wconf 82' lang='lat' dir='ltr'>temperantissimi)</span> 
     </span>
     <span class='ocr_line' id='line_1_144' title="bbox 1064 2085 1264 2115; baseline 0.005 -7"><span class='ocrx_word' id='word_1_918' title='bbox 1064 2087 1168 2115; x_wconf 86' lang='lat' dir='ltr'>pudores</span> <span class='ocrx_word' id='word_1_919' title='bbox 1188 2085 1228 2115; x_wconf 84' lang='lat' dir='ltr'>Sl,</span> <span class='ocrx_word' id='word_1_920' title='bbox 1252 2090 1264 2109; x_wconf 88' lang='grc'>2</span> 
     </span>
    </p>

    <p class='ocr_par' dir='ltr' id='par_1_66' title="bbox 1030 2120 1826 2665">
     <span class='ocr_line' id='line_1_145' title="bbox 1030 2120 1823 2150; baseline -0.003 -8"><span class='ocrx_word' id='word_1_921' title='bbox 1030 2120 1067 2143; x_wconf 83' lang='lat' dir='ltr'>Te</span> <span class='ocrx_word' id='word_1_922' title='bbox 1077 2128 1194 2150; x_wconf 72' lang='lat' dir='ltr'>mpero:</span> <span class='ocrx_word' id='word_1_923' title='bbox 1209 2120 1477 2150; x_wconf 68' lang='lat' dir='ltr'>plusquamperfectum</span> <span class='ocrx_word' id='word_1_924' title='bbox 1489 2127 1533 2149; x_wconf 84' lang='lat' dir='ltr'>pro</span> <span class='ocrx_word' id='word_1_925' title='bbox 1548 2120 1696 2149; x_wconf 74' lang='lat' dir='ltr'>inperfecto:</span> <span class='ocrx_word' id='word_1_926' title='bbox 1716 2120 1773 2149; x_wconf 83' lang='lat' dir='ltr'>quia</span> <span class='ocrx_word' id='word_1_927' title='bbox 1787 2120 1823 2141; x_wconf 81' lang='lat' dir='ltr'>vi-</span> 
     </span>
     <span class='ocr_line' id='line_1_146' title="bbox 1062 2155 1823 2184; baseline -0.001 -7"><span class='ocrx_word' id='word_1_928' title='bbox 1062 2155 1134 2177; x_wconf 85' lang='lat' dir='ltr'>debat</span> <span class='ocrx_word' id='word_1_929' title='bbox 1158 2162 1258 2184; x_wconf 86' lang='lat' dir='ltr'>arcana,</span> <span class='ocrx_word' id='word_1_930' title='bbox 1287 2162 1348 2184; x_wconf 84' lang='lat' dir='ltr'>quae</span> <span class='ocrx_word' id='word_1_931' title='bbox 1375 2162 1421 2177; x_wconf 91' lang='lat' dir='ltr'>non</span> <span class='ocrx_word' id='word_1_932' title='bbox 1446 2155 1549 2177; x_wconf 72' lang='lat' dir='ltr'>licuerat</span> <span class='ocrx_word' id='word_1_933' title='bbox 1568 2155 1712 2176; x_wconf 86' lang='lat' dir='ltr'>mortalibus</span> <span class='ocrx_word' id='word_1_934' title='bbox 1731 2155 1823 2176; x_wconf 82' lang='lat' dir='ltr'>intueri</span> 
     </span>
     <span class='ocr_line' id='line_1_147' title="bbox 1067 2189 1823 2218; baseline -0.003 -7"><span class='ocrx_word' id='word_1_935' title='bbox 1067 2190 1102 2216; x_wconf 87' lang='lat'>10,</span> <span class='ocrx_word' id='word_1_936' title='bbox 1125 2193 1150 2212; x_wconf 76' lang='lat' dir='ltr'>1ss</span> <span class='ocrx_word' id='word_1_937' title='bbox 1189 2190 1246 2218; x_wconf 85' lang='lat' dir='ltr'>quia</span> <span class='ocrx_word' id='word_1_938' title='bbox 1265 2197 1310 2212; x_wconf 86' lang='lat' dir='ltr'>uec</span> <span class='ocrx_word' id='word_1_939' title='bbox 1329 2197 1357 2212; x_wconf 89' lang='lat' dir='ltr'>eo</span> <span class='ocrx_word' id='word_1_940' title='bbox 1376 2190 1428 2211; x_wconf 86' lang='grc'>1000</span> <span class='ocrx_word' id='word_1_941' title='bbox 1449 2189 1547 2218; x_wconf 68' lang='lat' dir='ltr'>fuerim,</span> <span class='ocrx_word' id='word_1_942' title='bbox 1570 2192 1597 2210; x_wconf 94' lang='lat' dir='ltr'>ut</span> <span class='ocrx_word' id='word_1_943' title='bbox 1616 2195 1761 2217; x_wconf 70' lang='lat' dir='ltr'>cognoscere</span> <span class='ocrx_word' id='word_1_944' title='bbox 1781 2195 1823 2217; x_wconf 83' lang='lat' dir='ltr'>po-</span> 
     </span>
     <span class='ocr_line' id='line_1_148' title="bbox 1064 2223 1824 2252; baseline -0.003 -6"><span class='ocrx_word' id='word_1_945' title='bbox 1064 2224 1168 2246; x_wconf 82' lang='lat' dir='ltr'>tuissem</span> <span class='ocrx_word' id='word_1_946' title='bbox 1182 2223 1223 2251; x_wconf 85' lang='lat'>91,</span> <span class='ocrx_word' id='word_1_947' title='bbox 1241 2228 1251 2246; x_wconf 78' lang='lat'>4</span> <span class='ocrx_word' id='word_1_948' title='bbox 1280 2227 1393 2252; x_wconf 83' lang='lat' dir='ltr'>putasses</span> <span class='ocrx_word' id='word_1_949' title='bbox 1407 2223 1447 2251; x_wconf 86' lang='lat'>91,</span> <span class='ocrx_word' id='word_1_950' title='bbox 1466 2230 1477 2245; x_wconf 58' lang='lat' dir='ltr'>s</span> <span class='ocrx_word' id='word_1_951' title='bbox 1508 2223 1645 2245; x_wconf 71' lang='lat' dir='ltr'>citeriorem</span> <span class='ocrx_word' id='word_1_952' title='bbox 1661 2223 1735 2250; x_wconf 82' lang='lat' dir='ltr'>hunc,</span> <span class='ocrx_word' id='word_1_953' title='bbox 1751 2229 1824 2251; x_wconf 83' lang='lat' dir='ltr'>quem</span> 
     </span>
     <span class='ocr_line' id='line_1_149' title="bbox 1063 2256 1825 2286; baseline -0.003 -6"><span class='ocrx_word' id='word_1_954' title='bbox 1063 2259 1136 2280; x_wconf 75' lang='lat' dir='ltr'>etiam</span> <span class='ocrx_word' id='word_1_955' title='bbox 1157 2258 1230 2286; x_wconf 85' lang='lat' dir='ltr'>gloria</span> <span class='ocrx_word' id='word_1_956' title='bbox 1250 2261 1330 2280; x_wconf 83' lang='lat' dir='ltr'>vestra</span> <span class='ocrx_word' id='word_1_957' title='bbox 1349 2261 1449 2280; x_wconf 75' lang='lat' dir='ltr'>noverat</span> <span class='ocrx_word' id='word_1_958' title='bbox 1469 2258 1509 2285; x_wconf 73' lang='grc'>30,</span> <span class='ocrx_word' id='word_1_959' title='bbox 1536 2262 1554 2280; x_wconf 90' lang='grc'>1.</span> <span class='ocrx_word' id='word_1_960' title='bbox 1585 2270 1619 2273; x_wconf 91' lang='lat'>—</span> <span class='ocrx_word' id='word_1_961' title='bbox 1648 2256 1763 2285; x_wconf 76' lang='lat' dir='ltr'>futurum</span> <span class='ocrx_word' id='word_1_962' title='bbox 1780 2263 1825 2285; x_wconf 72' lang='lat' dir='ltr'>pro</span> 
     </span>
     <span class='ocr_line' id='line_1_150' title="bbox 1062 2291 1826 2321; baseline -0.003 -7"><span class='ocrx_word' id='word_1_963' title='bbox 1062 2293 1198 2321; x_wconf 72' lang='lat' dir='ltr'>praesenti:</span> <span class='ocrx_word' id='word_1_964' title='bbox 1224 2295 1302 2321; x_wconf 81' lang='lat' dir='ltr'>curat,</span> <span class='ocrx_word' id='word_1_965' title='bbox 1325 2296 1352 2314; x_wconf 91' lang='lat' dir='ltr'>ut</span> <span class='ocrx_word' id='word_1_966' title='bbox 1372 2293 1395 2314; x_wconf 91' lang='lat' dir='ltr'>in</span> <span class='ocrx_word' id='word_1_967' title='bbox 1417 2292 1463 2319; x_wconf 88' lang='lat' dir='ltr'>his,</span> <span class='ocrx_word' id='word_1_968' title='bbox 1485 2299 1548 2320; x_wconf 84' lang='lat' dir='ltr'>quae</span> <span class='ocrx_word' id='word_1_969' title='bbox 1568 2292 1596 2313; x_wconf 88' lang='lat' dir='ltr'>ad</span> <span class='ocrx_word' id='word_1_970' title='bbox 1617 2294 1729 2313; x_wconf 83' lang='lat' dir='ltr'>sanctuni</span> <span class='ocrx_word' id='word_1_971' title='bbox 1750 2291 1826 2313; x_wconf 86' lang='lat' dir='ltr'>mini-</span> 
     </span>
     <span class='ocr_line' id='line_1_151' title="bbox 1063 2325 1825 2356; baseline -0.003 -7"><span class='ocrx_word' id='word_1_972' title='bbox 1063 2327 1166 2349; x_wconf 85' lang='lat' dir='ltr'>sterium</span> <span class='ocrx_word' id='word_1_973' title='bbox 1184 2327 1355 2356; x_wconf 87' lang='lat' dir='ltr'>pertinebunt,</span> <span class='ocrx_word' id='word_1_974' title='bbox 1377 2333 1423 2348; x_wconf 90' lang='lat' dir='ltr'>non</span> <span class='ocrx_word' id='word_1_975' title='bbox 1438 2327 1513 2354; x_wconf 85' lang='lat' dir='ltr'>magis</span> <span class='ocrx_word' id='word_1_976' title='bbox 1528 2326 1666 2354; x_wconf 84' lang='lat' dir='ltr'>pretiositas</span> <span class='ocrx_word' id='word_1_977' title='bbox 1681 2326 1757 2354; x_wconf 84' lang='lat' dir='ltr'>possit</span> <span class='ocrx_word' id='word_1_978' title='bbox 1771 2325 1825 2354; x_wconf 87' lang='lat' dir='ltr'>pla-</span> 
     </span>
     <span class='ocr_line' id='line_1_152' title="bbox 1062 2359 1823 2390; baseline -0.004 -7"><span class='ocrx_word' id='word_1_979' title='bbox 1062 2367 1124 2390; x_wconf 81' lang='lat' dir='ltr'>cere,</span> <span class='ocrx_word' id='word_1_980' title='bbox 1147 2368 1219 2390; x_wconf 87' lang='lat' dir='ltr'>quam</span> <span class='ocrx_word' id='word_1_981' title='bbox 1240 2361 1335 2383; x_wconf 84' lang='lat' dir='ltr'>novitas</span> <span class='ocrx_word' id='word_1_982' title='bbox 1356 2360 1397 2386; x_wconf 86' lang='lat'>39,</span> <span class='ocrx_word' id='word_1_983' title='bbox 1420 2364 1456 2383; x_wconf 83' lang='lat'>17.</span> <span class='ocrx_word' id='word_1_984' title='bbox 1476 2373 1510 2376; x_wconf 97' lang='lat'><strong>—</strong></span> <span class='ocrx_word' id='word_1_985' title='bbox 1528 2366 1640 2388; x_wconf 78' lang='lat' dir='ltr'>praesens</span> <span class='ocrx_word' id='word_1_986' title='bbox 1659 2366 1701 2388; x_wconf 80' lang='lat' dir='ltr'>pro</span> <span class='ocrx_word' id='word_1_987' title='bbox 1720 2359 1823 2387; x_wconf 76' lang='lat' dir='ltr'>futuro:</span> 
     </span>
     <span class='ocr_line' id='line_1_153' title="bbox 1062 2394 1825 2424; baseline -0.003 -7"><span class='ocrx_word' id='word_1_988' title='bbox 1062 2396 1229 2417; x_wconf 85' lang='lat' dir='ltr'>communioni</span> <span class='ocrx_word' id='word_1_989' title='bbox 1247 2402 1304 2418; x_wconf 85' lang='lat' dir='ltr'>eum</span> <span class='ocrx_word' id='word_1_990' title='bbox 1324 2395 1421 2424; x_wconf 79' lang='lat' dir='ltr'>trepide</span> <span class='ocrx_word' id='word_1_991' title='bbox 1441 2394 1556 2416; x_wconf 81' lang='lat' dir='ltr'>subtraho</span> <span class='ocrx_word' id='word_1_992' title='bbox 1576 2395 1613 2416; x_wconf 84' lang='lat' dir='ltr'>vel</span> <span class='ocrx_word' id='word_1_993' title='bbox 1628 2395 1753 2423; x_wconf 83' lang='lat' dir='ltr'>permitto,</span> <span class='ocrx_word' id='word_1_994' title='bbox 1775 2394 1825 2416; x_wconf 86' lang='lat' dir='ltr'>nisi</span> 
     </span>
     <span class='ocr_line' id='line_1_154' title="bbox 1062 2427 1825 2455; baseline -0.001 -4"><span class='ocrx_word' id='word_1_995' title='bbox 1062 2430 1206 2452; x_wconf 88' lang='lat' dir='ltr'>auctoritate</span> <span class='ocrx_word' id='word_1_996' title='bbox 1221 2433 1301 2452; x_wconf 82' lang='lat' dir='ltr'>vestra</span> <span class='ocrx_word' id='word_1_997' title='bbox 1315 2430 1442 2451; x_wconf 88' lang='lat' dir='ltr'>roboratus</span> <span class='ocrx_word' id='word_1_998' title='bbox 1457 2430 1562 2450; x_wconf 77' lang='lat' dir='ltr'>extitero</span> <span class='ocrx_word' id='word_1_999' title='bbox 1578 2427 1618 2455; x_wconf 70' lang='lat'>48,</span> <span class='ocrx_word' id='word_1_1000' title='bbox 1636 2431 1674 2451; x_wconf 70' lang='lat'>25.</span> <span class='ocrx_word' id='word_1_1001' title='bbox 1696 2441 1730 2444; x_wconf 86' lang='lat'><strong>—</strong></span> <span class='ocrx_word' id='word_1_1002' title='bbox 1748 2434 1825 2450; x_wconf 79' lang='lat' dir='ltr'>con-</span> 
     </span>
     <span class='ocr_line' id='line_1_155' title="bbox 1061 2462 1824 2492; baseline -0.004 -6"><span class='ocrx_word' id='word_1_1003' title='bbox 1061 2465 1185 2486; x_wconf 78' lang='lat' dir='ltr'>secutio</span> <span class='ocrx_word' id='word_1_1004' title='bbox 1211 2466 1400 2492; x_wconf 69' lang='lat' dir='ltr'>temporant:</span> <span class='ocrx_word' id='word_1_1005' title='bbox 1427 2470 1473 2485; x_wconf 89' lang='lat' dir='ltr'>non</span> <span class='ocrx_word' id='word_1_1006' title='bbox 1502 2463 1585 2489; x_wconf 87' lang='lat' dir='ltr'>istum,</span> <span class='ocrx_word' id='word_1_1007' title='bbox 1615 2466 1642 2484; x_wconf 89' lang='lat' dir='ltr'>ut</span> <span class='ocrx_word' id='word_1_1008' title='bbox 1666 2462 1824 2484; x_wconf 85' lang='lat' dir='ltr'>divinitatem</span> 
     </span>
     <span class='ocr_line' id='line_1_156' title="bbox 1062 2496 1826 2526; baseline -0.003 -7"><span class='ocrx_word' id='word_1_1009' title='bbox 1062 2498 1087 2519; x_wconf 95' lang='lat' dir='ltr'>in</span> <span class='ocrx_word' id='word_1_1010' title='bbox 1108 2498 1205 2520; x_wconf 88' lang='lat' dir='ltr'>homine</span> <span class='ocrx_word' id='word_1_1011' title='bbox 1224 2499 1323 2525; x_wconf 86' lang='lat' dir='ltr'>sentiat,</span> <span class='ocrx_word' id='word_1_1012' title='bbox 1347 2499 1414 2525; x_wconf 82' lang='lat' dir='ltr'>signa</span> <span class='ocrx_word' id='word_1_1013' title='bbox 1433 2498 1547 2519; x_wconf 66' lang='lat' dir='ltr'>vicerunt</span> <span class='ocrx_word' id='word_1_1014' title='bbox 1563 2496 1602 2526; x_wconf 85' lang='grc'>25,</span> <span class='ocrx_word' id='word_1_1015' title='bbox 1621 2500 1650 2519; x_wconf 74' lang='grc'>25</span> <span class='ocrx_word' id='word_1_1016' title='bbox 1689 2497 1826 2525; x_wconf 82' lang='lat' dir='ltr'>protulistis</span> 
     </span>
     <span class='ocr_line' id='line_1_157' title="bbox 1061 2531 1825 2561; baseline -0.004 -6"><span class='ocrx_word' id='word_1_1017' title='bbox 1061 2545 1093 2547; x_wconf 80' lang='lat'>—</span> <span class='ocrx_word' id='word_1_1018' title='bbox 1112 2539 1175 2561; x_wconf 87' lang='lat' dir='ltr'>quae</span> <span class='ocrx_word' id='word_1_1019' title='bbox 1195 2532 1262 2560; x_wconf 73' lang='lat' dir='ltr'>Syris</span> <span class='ocrx_word' id='word_1_1020' title='bbox 1282 2533 1372 2554; x_wconf 84' lang='lat' dir='ltr'>deutur</span> <span class='ocrx_word' id='word_1_1021' title='bbox 1397 2531 1438 2560; x_wconf 64' lang='grc'>56,</span> <span class='ocrx_word' id='word_1_1022' title='bbox 1465 2536 1490 2553; x_wconf 60' lang='lat' dir='ltr'>ls</span> <span class='ocrx_word' id='word_1_1023' title='bbox 1546 2537 1666 2559; x_wconf 82' lang='lat' dir='ltr'>parumne</span> <span class='ocrx_word' id='word_1_1024' title='bbox 1687 2531 1746 2559; x_wconf 76' lang='lat' dir='ltr'>suit,</span> <span class='ocrx_word' id='word_1_1025' title='bbox 1777 2531 1825 2552; x_wconf 68' lang='lat' dir='ltr'>uisi</span> 
     </span>
     <span class='ocr_line' id='line_1_158' title="bbox 1062 2564 1824 2595; baseline -0.004 -7"><span class='ocrx_word' id='word_1_1026' title='bbox 1062 2566 1164 2588; x_wconf 83' lang='lat' dir='ltr'>addatur</span> <span class='ocrx_word' id='word_1_1027' title='bbox 1181 2566 1218 2589; x_wconf 85' lang='grc'>14.</span> <span class='ocrx_word' id='word_1_1028' title='bbox 1240 2571 1266 2589; x_wconf 68' lang='grc'>19</span> <span class='ocrx_word' id='word_1_1029' title='bbox 1305 2567 1363 2595; x_wconf 82' lang='lat' dir='ltr'>quid</span> <span class='ocrx_word' id='word_1_1030' title='bbox 1384 2566 1485 2588; x_wconf 83' lang='lat' dir='ltr'>adsidue</span> <span class='ocrx_word' id='word_1_1031' title='bbox 1501 2572 1625 2594; x_wconf 79' lang='lat' dir='ltr'>cuperem,</span> <span class='ocrx_word' id='word_1_1032' title='bbox 1646 2565 1723 2593; x_wconf 83' lang='lat' dir='ltr'>allego</span> <span class='ocrx_word' id='word_1_1033' title='bbox 1737 2564 1778 2591; x_wconf 81' lang='grc'>76,</span> <span class='ocrx_word' id='word_1_1034' title='bbox 1796 2569 1824 2586; x_wconf 65' lang='lat'>:12</span> 
     </span>
     <span class='ocr_line' id='line_1_159' title="bbox 1063 2599 1826 2629; baseline -0.003 -7"><span class='ocrx_word' id='word_1_1035' title='bbox 1063 2608 1174 2623; x_wconf 87' lang='lat' dir='ltr'>veremur</span> <span class='ocrx_word' id='word_1_1036' title='bbox 1194 2607 1224 2623; x_wconf 88' lang='lat' dir='ltr'>ne</span> <span class='ocrx_word' id='word_1_1037' title='bbox 1244 2602 1363 2623; x_wconf 84' lang='lat' dir='ltr'>sensisset</span> <span class='ocrx_word' id='word_1_1038' title='bbox 1383 2600 1482 2622; x_wconf 88' lang='lat' dir='ltr'>adversa</span> <span class='ocrx_word' id='word_1_1039' title='bbox 1496 2599 1536 2629; x_wconf 89' lang='grc'>70,</span> <span class='ocrx_word' id='word_1_1040' title='bbox 1555 2605 1565 2622; x_wconf 75' lang='lat' dir='ltr'>:i</span> <span class='ocrx_word' id='word_1_1041' title='bbox 1605 2606 1651 2621; x_wconf 86' lang='lat' dir='ltr'>nou</span> <span class='ocrx_word' id='word_1_1042' title='bbox 1669 2601 1738 2621; x_wconf 85' lang='lat' dir='ltr'>uocet</span> <span class='ocrx_word' id='word_1_1043' title='bbox 1751 2599 1826 2627; x_wconf 80' lang='lat' dir='ltr'>quid-</span> 
     </span>
     <span class='ocr_line' id='line_1_160' title="bbox 1062 2635 1317 2665; baseline 0 -9"><span class='ocrx_word' id='word_1_1044' title='bbox 1062 2635 1120 2664; x_wconf 87' lang='lat' dir='ltr'>quid</span> <span class='ocrx_word' id='word_1_1045' title='bbox 1142 2638 1206 2657; x_wconf 84' lang='lat' dir='ltr'>esset</span> <span class='ocrx_word' id='word_1_1046' title='bbox 1227 2635 1283 2665; x_wconf 87' lang='grc'>116,</span> <span class='ocrx_word' id='word_1_1047' title='bbox 1306 2640 1317 2656; x_wconf 69' lang='grc' dir='ltr'>ι’,</span> 
     </span>
    </p>

    <p class='ocr_par' dir='ltr' id='par_1_67' title="bbox 1029 2666 1826 2767">
     <span class='ocr_line' id='line_1_161' title="bbox 1029 2666 1826 2698; baseline -0.004 -7"><span class='ocrx_word' id='word_1_1048' title='bbox 1029 2669 1234 2698; x_wconf 86' lang='lat' dir='ltr'>temporalis:</span> <span class='ocrx_word' id='word_1_1049' title='bbox 1262 2669 1405 2698; x_wconf 81' lang='lat' dir='ltr'>temporalis</span> <span class='ocrx_word' id='word_1_1050' title='bbox 1425 2669 1506 2690; x_wconf 70' lang='lat' dir='ltr'>luctus</span> <span class='ocrx_word' id='word_1_1051' title='bbox 1526 2670 1564 2690; x_wconf 86' lang='lat' dir='ltr'>est</span> <span class='ocrx_word' id='word_1_1052' title='bbox 1582 2667 1624 2695; x_wconf 76' lang='lat'>32,</span> <span class='ocrx_word' id='word_1_1053' title='bbox 1645 2670 1674 2691; x_wconf 70' lang='lat'>*23</span> <span class='ocrx_word' id='word_1_1054' title='bbox 1713 2666 1826 2689; x_wconf 86' lang='lat' dir='ltr'>incendio</span> 
     </span>
     <span class='ocr_line' id='line_1_162' title="bbox 1063 2702 1823 2733; baseline -0.007 -6"><span class='ocrx_word' id='word_1_1055' title='bbox 1063 2704 1206 2733; x_wconf 81' lang='lat' dir='ltr'>temporalis</span> <span class='ocrx_word' id='word_1_1056' title='bbox 1234 2703 1360 2732; x_wconf 79' lang='lat' dir='ltr'>gehennae</span> <span class='ocrx_word' id='word_1_1057' title='bbox 1389 2702 1430 2731; x_wconf 59' lang='lat'>35,</span> <span class='ocrx_word' id='word_1_1058' title='bbox 1453 2706 1481 2725; x_wconf 75' lang='grc'>21</span> <span class='ocrx_word' id='word_1_1059' title='bbox 1528 2702 1686 2731; x_wconf 80' lang='lat' dir='ltr'>temporalem</span> <span class='ocrx_word' id='word_1_1060' title='bbox 1716 2702 1823 2723; x_wconf 76' lang='lat' dir='ltr'>fructum</span> 
     </span>
     <span class='ocr_line' id='line_1_163' title="bbox 1067 2736 1618 2767; baseline -0.005 -6"><span class='ocrx_word' id='word_1_1061' title='bbox 1067 2737 1121 2767; x_wconf 79' lang='lat'>120,</span> <span class='ocrx_word' id='word_1_1062' title='bbox 1146 2744 1158 2761; x_wconf 77' lang='lat' dir='ltr'>s</span> <span class='ocrx_word' id='word_1_1063' title='bbox 1196 2738 1308 2767; x_wconf 86' lang='lat' dir='ltr'>procellis</span> <span class='ocrx_word' id='word_1_1064' title='bbox 1328 2737 1506 2766; x_wconf 79' lang='lat' dir='ltr'>temporalibus</span> <span class='ocrx_word' id='word_1_1065' title='bbox 1526 2736 1567 2765; x_wconf 87' lang='lat'>66,</span> <span class='ocrx_word' id='word_1_1066' title='bbox 1590 2740 1618 2758; x_wconf 72' lang='lat' dir='ltr'>&#39;zo&#39;</span> 
     </span>
    </p>

    <p class='ocr_par' dir='ltr' id='par_1_68' title="bbox 1030 2771 1372 2801">
     <span class='ocr_line' id='line_1_164' title="bbox 1030 2771 1372 2801; baseline -0.003 -8"><span class='ocrx_word' id='word_1_1067' title='bbox 1030 2773 1260 2801; x_wconf 71' lang='lat' dir='ltr'>temporaliter</span> <span class='ocrx_word' id='word_1_1068' title='bbox 1283 2771 1338 2795; x_wconf 84' lang='grc'>107.</span> <span class='ocrx_word' id='word_1_1069' title='bbox 1361 2777 1372 2794; x_wconf 59' lang='grc' dir='ltr'>’,ς</span> 
     </span>
    </p>
   </div>
  </div>
 </body>
</html>
