2064 2973
46 1219 75 1240 hl

558 148 826 176 EPISTVLARVM
846 147 899 174 AD
919 146 1102 174 DIVERSOS
1122 146 1398 172 XXXXVIIII-—LL
1752 145 1790 172 79

172 246 356 286 martyrium
381 244 449 276 dies
472 243 627 285 peculiari
651 243 754 274 studio
779 243 875 274 subit.
916 243 1026 273 Habeo
1050 241 1265 282 praesentiam
1289 239 1433 280 tempori,
1461 248 1522 278 quo
1546 237 1609 268 diei
1633 237 1791 278 passionis

171 297 354 335 fabriculae,
383 306 477 336 quam
500 295 610 328 nostis,
638 295 763 326 videtur
785 294 925 325 iniuncta
948 303 1018 324 esse
1036 293 1204 324 dedicatio.
1245 292 1362 323 Verum
1380 290 1454 331 quia
1470 289 1548 320 nihil
1566 292 1623 323 est,
1650 288 1691 319 ad
1708 288 1792 327 quod

171 349 312 380 animum
340 357 444 378 meum
474 350 579 378 vester
609 346 769 377 destinare
801 355 862 376 non
894 345 994 385 possit
1022 345 1173 381 affectus,
1208 352 1365 374 excusans
1394 341 1581 382 plebeculae
1612 339 1789 370 absentiam

172 410 274 431 meam
298 402 521 439 anteponerem
547 397 766 429 consuetudini
790 396 1062 436 singularitatem,
1090 395 1169 432 nisi,
1196 398 1230 425 ut
1253 394 1371 431 nostis,
1399 393 1430 423 111
1454 392 1532 433 ipsis
1556 391 1792 432 paenitentibus

139 462 150 479 ει
171 451 285 482 nostris
308 451 412 481 fervor
434 453 589 490 appetens
612 449 721 480 vitium
746 448 883 478 vicinum
908 447 1015 478 odium
1039 446 1188 477 formaret
1211 449 1306 485 atque
1330 444 1513 485 strepitum,
1542 454 1611 474 eum
1636 453 1653 474 e
1676 442 1792 473 nostris

124 718 150 736 ll)

124 975 151 993 15

121 1429 148 1446 'lo

169 502 299 534 ambitio
323 502 458 541 aliquos7
485 501 566 532 alios
590 499 778 537 sollicitudo,
807 502 839 530 at
862 498 1048 538 gliscentior
1070 497 1186 528 multos
1210 497 1286 536 gula
1309 499 1449 527 tractura
1471 495 1522 526 sit.
1565 494 1690 525 Veritus
1707 504 1786 531 sum,

170 564 209 585 ne
240 553 319 584 forte
349 552 443 583 simul
473 562 609 592 paucos,
645 551 697 591 qui
730 551 848 583 forent.
883 550 1007 589 aliquos
1038 549 1146 579 aliena
1176 548 1374 579 declinantes
1399 556 1475 577 suae
1499 546 1602 585 magis
1626 544 1791 576 festivitati

170 605 308 636 studium
332 603 587 634 mansuetudinis
611 602 813 642 adgregaret,
841 600 926 641 apud
949 600 1073 639 aliquos
1090 599 1226 637 animus,
1254 602 1287 630 ut
1303 598 1394 636 solet,
1420 597 1477 628 tali
1494 597 1672 628 turbatione
1688 600 1791 627 motus

170 659 270 694 esset,
305 655 397 695 quasi
426 665 482 695 per
511 654 689 685 absentiam
719 663 822 684 meam
854 662 891 683 eo
922 652 973 683 die
1001 660 1112 683 cursus
1136 653 1262 681 nostrae
1287 649 1464 680 devotionis
1488 652 1651 690 putaretur
1675 647 1786 686 omitti,

171 718 232 748 quo
263 707 409 738 diversae
440 709 546 747 partes
575 705 764 736 videbantur
794 703 928 735 institui.
977 702 1067 734 Vnde
1098 701 1334 733 exeusationem
1365 711 1531 732 meremur.
1581 699 1615 731 Si
1638 699 1790 730 rationem

170 759 228 790 rite
251 758 436 798 agnovistis,
463 756 635 797 ignoscite:
671 765 867 787 communem
892 754 1097 785 festivitatem
1120 753 1362 794 praeteritorum
1386 751 1612 789 recordatione,
1640 760 1792 791 praesen—

169 810 247 841 tium
271 809 469 850 plenitudine
493 807 684 848 cognoscite.
722 808 802 837 Tam
825 806 1005 837 absentium
1030 815 1099 836 eam
1123 814 1218 844 quam
1242 803 1457 844 praesentium
1481 802 1593 833 officiis
1617 802 1788 833 celebrate.

170 861 301 893 Confido
325 860 364 892 de
388 859 605 891 misericordia
628 859 679 890 dei
703 858 810 896 nostri⁷
838 857 923 898 quod
947 857 1041 888 ctiam
1066 856 1143 887 mihi
1165 856 1197 886 in
1213 855 1368 892 hocloco,
1395 854 1659 894 quandocumque
1677 863 1790 893 oppor-

170 913 294 944 tunius.
329 912 417 943 verbi
440 911 617 953 praestabit
639 911 777 949 aditum,
812 909 926 950 quibus
949 909 1131 949 geminatae
1155 906 1401 939 consecrationis
1425 905 1611 937 ornatiorem
1637 904 1792 936 concessit

171 964 328 995 effectum.

256 1213 370 1244 Avitus
393 1212 560 1253 episcopus
584 1211 651 1242 viro
674 1210 889 1241 illustrissimo
913 1209 1099 1250 Apollinari.

257 1264 318 1295 Diu
343 1267 407 1298 est,
441 1263 467 1293 si
491 1266 545 1294 aut
568 1263 664 1293 verbo
688 1272 757 1293 meo
781 1262 910 1293 creditis
933 1265 988 1292 aut
1011 1261 1049 1292 de
1073 1262 1189 1291 atl'eetu
1214 1263 1320 1290 mutuo
1344 1259 1442 1299 digua
1465 1258 1605 1296 sentitis,
1633 1257 1716 1297 quod
1741 1257 1790 1288 lit—

170 1320 253 1347 teras
277 1315 411 1346 alieuius
435 1315 532 1345 vestri
555 1324 680 1345 sumere
704 1313 892 1344 desiderans
916 1313 988 1353 plus
1012 1316 1116 1344 tamen
1142 1312 1237 1342 offleii
1261 1311 1323 1342 mei
1347 1311 1459 1341 otl'crre
1484 1310 1667 1350 cupiebam,
1694 1318 1792 1347 quae-

170 1378 230 1407 que
254 1367 287 1397 in
310 1376 446 1407 persona
469 1368 575 1397 vestra
598 1365 761 1396 dilectioni
785 1365 931 1405 primum,
960 1363 1076 1395 deinde
1099 1363 1338 1399 necessitudini,
1367 1361 1407 1392 ad
1432 1361 1575 1392 ultimmn
1601 1360 1696 1391 ctiam
1722 1359 1791 1398 dig—

171 1418 259 1449 nitati
296 1429 315 1449 a
349 1428 398 1448 me
433 1417 606 1451 debentur,
643 1427 705 1447 non
737 1426 862 1457 semper
892 1416 1111 1447 occasionibus
1141 1417 1371 1446 commeantum
1402 1412 1555 1443 solvenda
1585 1411 1791 1442 committere.

170 1470 252 1507 Quia
276 1470 350 1500 lieet
374 1472 405 1500 et
427 1469 499 1509 ipsa
522 1469 612 1499 nobis
636 1468 854 1509 opportunitas
879 1467 1063 1508 portitorum
1081 1470 1208 1507 propter
1224 1465 1433 1505 frequentiam
1452 1464 1568 1495 debeat
1586 1473 1657 1494 esse
1674 1462 1789 1493 votiva.

171 1531 301 1553 neeesse
326 1524 373 1552 est
396 1524 519 1559 tamen,
556 1524 589 1551 ut
611 1520 668 1551 illa
692 1519 872 1551 sollicitudo
896 1519 1087 1559 praecellat,
1124 1528 1205 1558 quae
1230 1527 1264 1548 se
1288 1517 1431 1557 appetitu
1456 1516 1581 1556 proprio
1605 1515 1673 1545 sine
1698 1514 1794 1544 inter-

171 1576 263 1604 ventu
294 1572 419 1603 alienae
450 1571 652 1603 necessitatis
682 1571 833 1602 insinuat.
883 1571 984 1601 Huius
1015 1570 1160 1609 obsequii
1196 1580 1244 1600 me
1280 1569 1450 1599 obnoxium
1486 1567 1590 1598 sciens
1624 1564 1791 1596 intercludi

170 1624 411 1655 redhibitionem
442 1623 576 1657 iustam,
614 1623 733 1653 iniusta
765 1623 921 1653 obstaculi
954 1621 1181 1662 praepediente
1213 1621 1319 1657 obice,
1354 1619 1417 1650 iam
1449 1618 1568 1649 dudum
1600 1617 1714 1648 tacitus
1746 1616 1792 1646 in-

120 1686 149 1703 25·
169 1675 398 1715 gerniseebam.
446 1675 639 1705 Pervenerat
661 1674 778 1714 quippe
802 1684 864 1704 non
888 1674 929 1704 ad
953 1673 1097 1704 notitiam
1122 1671 1349 1704 tantummodo,
1377 1670 1434 1701 sed
1457 1670 1498 1700 ad
1523 1668 1713 1700 maestitiam
1738 1678 1793 1698 no-

122 1943 150 1959 :tu

171 1731 265 1757 stram
291 1726 437 1767 dispositi
461 1726 566 1756 fumus
589 1725 745 1757 incendii.
781 1725 863 1765 quod
892 1729 1021 1756 sanctae
1045 1735 1082 1755 ac
1106 1724 1245 1764 simplici
1270 1722 1470 1754 innocentiae
1494 1724 1620 1752 vestrae
1644 1720 1731 1750 velut
1755 1718 1793 1749 de

170 1778 274 1809 essetis
311 1777 469 1808 cineribus
500 1777 674 1808 coniuratio
704 1777 882 1817 procellosa
913 1777 1016 1807 ventis
1047 1776 1256 1807 mendacibus
1287 1773 1420 1805 sufflans
1450 1773 1480 1803 in
1512 1782 1636 1803 cassum
1668 1781 1794 1801 movere

170 1833 389 1870 temptaverat.
438 1828 486 1859 Ob
516 1839 611 1867 quam
642 1838 771 1858 causam
800 1828 988 1859 verebamur
1011 1827 1184 1858 anxietatis
1208 1829 1333 1856 vestrae
1358 1825 1513 1855 sarcinam
1539 1827 1610 1854 voto
1634 1822 1795 1853 libaminis

171 1881 348 1920 adgravare
373 1884 402 1910 et
427 1879 577 1910 maeroris
601 1883 807 1919 augmentum
832 1890 887 1920 pro
911 1879 1125 1910 &insolatione
1149 1877 1374 1908 transmittere.
1420 1876 1485 1906 Sub
1509 1875 1603 1906 liuius
1628 1884 1702 1913 ergo
1727 1884 1794 1903 ain-

172 1931 336 1971 big-uitatis
367 1931 474 1962 nubilo
506 1930 637 1962 confusa
661 1931 880 1971 expectatione
904 1930 1117 1971 pendentibus
1141 1930 1264 1960 litteras
1288 1932 1413 1959 vestrae
1437 1926 1618 1958 screnitatis
1642 1925 1794 1966 pristinae

173 1983 299 2024 pietatis
330 1986 478 2023 expertas
510 1982 688 2023 inopinanti
719 1982 796 2013 mihi
828 1982 908 2013 deus
932 1982 1054 2013 obtulit.
1104 1981 1286 2021 Recognovi
1310 1980 1394 2016 illic,
1428 1989 1491 2019 qua
1515 1978 1593 2009 satis
1617 1978 1794 2008 delectatus

171 2044 257 2073 sum,
292 2044 418 2064 manum
444 2037 598 2072 vestram,
632 2044 726 2073 quam
750 2034 822 2074 plus
846 2037 1011 2074 paternam
1035 2033 1316 2064 declamationem.
1351 2041 1446 2071 quam
1471 2030 1608 2060 maxime
1634 2027 1794 2059 beredita-

172 2086 249 2116 riam
276 2085 518 2125 benignitatem.
566 2085 746 2125 scripsistis
777 2085 874 2125 igitur
897 2085 1022 2116 Christo
1052 2087 1235 2125 praestante
1265 2083 1327 2113 iam
1358 2082 1457 2113 redux
1487 2081 1593 2111 onmia
1622 2083 1690 2111 tuta
1723 2088 1794 2109 esse

171 2137 315 2176 circaque
339 2146 394 2167 vos
418 2136 635 2176 dignationem
660 2136 766 2167 domni
790 2136 875 2176 regis
892 2136 1011 2167 Alarici
1036 2136 1183 2167 illaesam
1207 2138 1238 2166 et
1254 2134 1418 2176 pristinam
1436 2142 1633 2173 permanere.
1676 2131 1794 2168 Quam—

260 2274 268 2297 1
292 2276 359 2297 subit
377 2276 471 2303 scripsi,
492 2275 559 2297 uiuit
572 2275 609 2296 vel
623 2275 689 2296 iuuit
705 2274 724 2296 L
831 2276 935 2304 tempori
951 2274 980 2302 L,
1001 2275 1118 2303 temporis
1134 2274 1154 2295 F
1258 2274 1307 2296 diei
1323 2273 1351 2301 L,
1374 2273 1413 2294 die
1430 2272 1450 2293 F
1554 2267 1688 2300 passionis]
1710 2269 1795 2297 piissi-

172 2326 223 2341 mae
245 2319 264 2340 F
280 2320 306 2339 711
325 2318 344 2347 f
452 2317 466 2339 2
487 2324 572 2339 uerum
592 2319 684 2345 scripsi,
707 2318 816 2339 uirorum
838 2318 867 2343 L,
888 2324 935 2340 01η,
954 2318 974 2339 F
1077 2317 1090 2339 5
1111 2317 1194 2339 odium
1213 2318 1298 2345 scripsi
1320 2316 1361 2340 (tm
1380 2315 1540 2341 inuidiffln2),
1562 2314 1604 2335 din
1626 2313 1654 2337 L,
1676 2312 1794 2333 defletum

171 2361 247 2382 ‘'⁶⁸⁸⁵‘’
264 2361 366 2389 putabat
389 2360 408 2381 F
510 2361 625 2383 formaret
646 2360 674 2385 L-
699 2361 805 2382 firmaret
827 2361 846 2382 F
949 2361 963 2381 (ἱ
984 2364 1007 2383 at
1028 2361 1170 2389 gliseentior
1190 2361 1282 2388 scripsi.
1311 2358 1491 2381 adolescentior
1511 2357 1530 2379 L
1636 2355 1648 2376 ’ἶ
1670 2354 1743 2376 Simul
1765 2354 1793 2379 L,

171 2404 190 2425 si
212 2404 251 2426 ncl
272 2404 293 2425 B
431 2404 526 2432 aliquos
545 2404 629 2431 scripsi
652 2406 717 2432 (post
737 2405 836 2427 forent.
859 2411 920 2433 qnos
942 2404 969 2430 L,
991 2411 1038 2426 orn.
1057 2404 1077 2425 F
1215 2403 1229 2425 8
1249 2405 1392 2430 aggregaret
1412 2402 1431 2423 L
1569 2398 1757 2427 perturbatione
1780 2396 1799 2417 1³

173 2447 187 2467 ‘A
207 2450 273 2468 esset
292 2447 377 2474 scripsi
396 2454 452 2468 curn
474 2447 499 2474 F,
525 2447 566 2468 isti
587 2446 607 2468 L
714 2446 740 2469 11
763 2448 928 2475 praesentiam
950 2447 970 2468 1³
1075 2446 1103 2469 12
1124 2454 1176 2468 cam
1196 2447 1289 2474 scripsi,
1311 2449 1349 2467 est
1369 2445 1389 2467 L
1494 2443 1616 2472 celebrate
1639 2447 1660 2470 'e
1680 2448 1707 2463 <nr
1727 2448 1738 2461 ιτ
1758 2441 1792 2464 ol.

173 2492 198 2511 ιιι
219 2489 277 2512 vicl„
300 2490 328 2516 L,
351 2490 472 2511 celebrare
494 2489 514 2510 F
620 2488 648 2511 13
669 2488 847 2520 misericordia]
868 2491 917 2511 mia
938 2490 957 2512 L
1062 2487 1240 2520 opportunius]
1259 2489 1306 2511 erit
1325 2487 1382 2510 add.
1401 2488 1421 2509 F

260 2532 304 2554 LI:
326 2532 357 2554 423
388 2532 478 2553 Auitus
503 2532 653 2554 uiennensis
678 2532 721 2561 eps
747 2533 775 2554 ad
803 2533 884 2554 uirum
905 2533 1027 2555 illustrem
1047 2532 1205 2561 apollinarem
1226 2531 1292 2553 rubr.
1314 2534 1335 2553 et
1355 2538 1432 2557 maro.
1455 2528 1474 2551 L
1618 2527 1645 2549 lo
1667 2527 1759 2548 illustri
1780 2526 1798 2545 N

176 2574 204 2597 Ν
224 2575 330 2596 alienius
352 2574 378 2603 L,
401 2576 497 2603 aliquas
516 2574 534 2596 S
638 2582 736 2604 queque
757 2575 784 2603 L,
810 2576 875 2604 qnod
896 2575 913 2597 S
1021 2575 1050 2598 lo
1070 2577 1144 2597 etiam
1164 2582 1211 2597 mn.
1229 2575 1246 2597 S
1352 2573 1383 2596 20
1403 2579 1450 2594 non
1471 2578 1568 2600 semper
1587 2571 1706 2592 debemns
1726 2577 1796 2591 nei-a-

174 2618 287 2640 sionibus
308 2618 333 2641 S.
356 2618 475 2639 dehemus
494 2625 542 2640 om.
559 2617 579 2639 L
685 2617 711 2640 21
736 2619 890 2647 oportunitas
910 2618 928 2639 L
1035 2617 1065 2641 22
1086 2621 1168 2640 tamen
1189 2621 1227 2640 est
1247 2618 1264 2639 S
1381 2615 1412 2638 24
1433 2615 1608 2637 redibieionexn
1629 2614 1649 2635 L
1754 2612 1796 2634 111-

174 2662 240 2682 iusta
260 2660 289 2687 L,
311 2661 403 2682 iniusto
424 2660 441 2682 S
544 2661 720 2689 praepediente
740 2661 768 2688 L,
791 2661 974 2690 praepedientis
993 2661 1010 2684 S
1116 2660 1147 2684 215
1167 2665 1276 2683 sanctam
1297 2663 1321 2682 et
1340 2659 1478 2687 simplivem
1499 2657 1668 2679 intutu-entialn
1689 2658 1796 2677 nestram

173 2704 190 2725 S
296 2702 325 2725 27
346 2704 441 2725 effectis
461 2703 481 2725 L
586 2702 618 2725 29
637 2710 768 2731 aggrauare
788 2703 809 2725 L
913 2704 945 2726 30
966 2708 1062 2726 uestras
1081 2704 1099 2727 S
1203 2704 1325 2733 pristinae
1345 2702 1445 2731 pietatis
1465 2701 1491 2725 S,
1513 2695 1636 2728 ”pietatis
1656 2693 1797 2728 '''pristi11ae

172 2746 206 2768 ol.
226 2754 260 2768 m.
280 2753 340 2768 corr.
364 2746 384 2767 L
497 2746 526 2768 :51
549 2749 664 2775 expertas
686 2746 712 2774 L,
735 2749 851 2775 expertae
872 2746 889 2767 S
906 2747 962 2775 sort.
986 2749 1046 2769 reete
1161 2748 1187 2769 in
1207 2747 1318 2775 opinanti
1338 2745 1358 2767 L
1475 2742 1506 2766 :52
1526 2750 1599 2772 quam
1620 2743 1675 2772 plus
1696 2742 1724 2771 L,
1746 2749 1795 2771 qua

172 2789 230 2817 plus
251 2788 268 2810 S
372 2791 419 2817 qua
439 2790 546 2811 maxime
565 2789 594 2817 L,
616 2796 664 2819 qua
684 2790 791 2812 maxime
812 2790 830 2813 S
935 2790 966 2812 :⁵3
986 2790 1062 2812 redux
1084 2790 1112 2818 L,
1135 2790 1237 2812 reduces
1258 2788 1275 2812 S

1807 1222 1826 1233 ⁴t,
1842 1216 1878 1233 5107
