2064 2973
268 129 276 156 1
290 129 325 156 10
1019 125 1126 151 AVITI

265 226 319 254 aut
349 222 494 262 disrupta
523 226 675 253 terrarum
706 220 871 251 imminere
900 229 961 250 non
993 220 1158 251 crederet?
1193 220 1266 260 quis
1295 220 1424 259 videns,
1459 224 1542 252 certe
1572 221 1680 252 videre
1708 230 1740 251 50
1764 224 1879 262 putans

266 274 397 315 pavidos
421 273 606 304 naturaliter
629 281 737 303 cervos
761 281 816 311 per
840 274 977 311 angusta
1006 274 1167 312 portarum
1200 281 1299 311 usque
1330 272 1371 302 ad
1402 271 1461 303 fori
1492 272 1557 303 lata
1586 275 1788 312 penetrantes
1816 282 1878 303 non

264 325 479 356 imminentem
505 322 687 354 solitudinis
711 322 901 353 sententiam
926 322 1129 354 formidaret?

351 375 434 413 Quid
458 374 565 405 multis
576 378 586 403 ε’
617 377 717 404 tracta
741 376 814 404 sunt
838 373 917 405 haec
940 373 1022 405 inter
1052 373 1182 405 timores
1214 373 1356 414 publicos
1386 377 1417 405 et
1446 383 1586 405 rumores
1617 374 1755 415 privatos
1779 384 1879 414 nsque

264 428 305 458 ad
329 427 542 458 imminentem
567 425 768 456 sollemnium
792 425 973 464 vigiliarum
997 428 1138 464 noctem‚
1174 435 1237 465 qua
1260 425 1414 456 celebrari
1437 425 1550 456 festum
1576 425 1752 456 dominicae
1776 435 1880 456 resur-

265 478 411 510 rectionis
434 487 540 508 annua
563 476 759 507 consuetudo
783 477 945 517 poscebat.
993 476 1156 517 Siquidem
1183 477 1262 508 hauc
1285 486 1394 508 omnes
1418 476 1560 507 laborum
1585 486 1692 517 opem7
1727 477 1880 508 malorum

264 530 375 567 tinem7
410 528 617 559 metuentium
650 527 849 559 securitatem
882 528 1101 559 communibus
1131 527 1245 558 animis
1276 527 1534 568 opperiebantur,
1583 527 1694 559 Adfuit
1722 537 1797 568 ergo
1820 538 1881 559 nox

264 581 321 612 illa
351 579 561 618 venerabilis,
593 589 675 619 quae
704 578 745 609 ad
778 588 864 619 spem
896 579 1044 620 publicae
1074 579 1284 610 absolutionis
1315 579 1454 610 votivum
1486 579 1639 610 sollemne
1672 579 1879 619 patefecerat.

265 632 329 663 sed
352 641 424 662 mox
447 631 515 662 illic
546 631 643 661 multo
670 630 887 661 vehementior
918 630 1066 671 strepitus
1096 630 1158 661 ictu
1190 630 1310 670 flagelli
1334 630 1464 670 gravius
1489 630 1631 662 ferientis
1654 630 1806 667 intonuit3
1833 634 1882 661 ut-

265 686 338 724 pote
367 692 461 723 quem
492 683 555 713 iam
586 681 724 713 emensis
754 682 906 722 gradibus
934 682 1165 722 superlativum
1189 681 1268 712 nihil
1293 681 1382 721 sequi
1406 681 1495 712 aliud
1518 691 1612 721 quam
1636 681 1730 712 chaos
1753 681 1882 712 intelle—

263 738 401 775 geretur.
450 733 555 765 Aedes
579 743 714 773 namque
746 732 893 774 publiea,
929 743 1023 772 quam
1053 733 1215 773 praecelso
1247 732 1383 764 civitatis
1406 733 1525 764 vertice
1548 733 1726 764 sublimitas
1748 733 1883 764 immen-

264 786 340 817 siter
362 785 527 825 fastigiata
550 785 760 825 praetulerat,
795 784 931 815 flammis
962 785 1157 815 terribilibus
1189 784 1386 824 conflagrare
1410 784 1595 824 crepusculo
1619 784 1732 825 coepit.
1780 784 1882 815 Inter-

265 838 401 878 pellatur
434 837 541 876 itaque
573 836 683 867 nuntio
718 835 909 866 discriminis
943 835 1121 866 iucunditas
1160 835 1398 867 sollemnitatis:
1442 836 1535 876 pleno
1569 835 1734 867 timoribus
1768 835 1883 876 populo

264 887 401 920 ecelesia
431 891 595 919 vacuatur.
644 887 762 919 Omnes
792 897 929 926 namque
961 887 1096 918 similem
1128 887 1334 918 facultatibus
1365 887 1415 917 vel
1448 886 1593 917 domibus
1617 886 1751 927 propriis
1776 896 1882 917 casum

263 939 303 971 de
326 939 465 979 quadam
490 938 715 980 praeminentis
738 938 876 969 incendii
900 948 973 969 arce
997 938 1192 969 metuebant.
1240 938 1381 969 Perstitit
1405 941 1511 969 tamen
1534 948 1639 969 coram
1662 937 1785 969 festivis
1801 938 1884 968 alta—

267 991 353 1022 ribus
384 990 520 1022 invictus
551 990 684 1021 antistes
709 994 740 1021 ct
762 990 897 1021 calorem
922 989 996 1021 fidei
1021 999 1097 1021 511110
1120 989 1299 1021 accendens
1322 989 1451 1020 flumine
1474 989 1674 1020 lacrimarum
1697 988 1885 1030 permissam

264 1042 392 1083 ignibus
416 1045 604 1083 potestatem
628 1041 775 1072 incendio
799 1041 992 1072 abscedente
1016 1041 1221 1081 compescuit.

351 1094 581 1134 Desperatione
613 1093 759 1133 deposita
790 1092 910 1123 reditur
940 1092 982 1123 ad
1007 1092 1174 1123 ecclesiam
1199 1096 1230 1123 et
1252 1092 1402 1123 restincta
1425 1091 1622 1123 flammarum
1647 1092 1716 1122 luce
1741 1091 1887 1122 clarescit

264 1145 418 1176 luminum
449 1144 661 1185 pulchritudo
711 1144 777 1175 Nec
805 1154 883 1174 sane
914 1144 1047 1174 ulterius
1077 1144 1212 1174 trahitur
1236 1143 1275 1174 de
1299 1143 1487 1183 adripiendo
1511 1143 1761 1183 compunctionis
1784 1142 1886 1173 medi-

267 1196 389 1228 camine
413 1206 509 1227 mora.
559 1195 789 1226 Praedecessor
812 1205 948 1234 namque
973 1205 1061 1226 meus
1086 1199 1116 1226 et
1140 1195 1291 1235 spiritalis
1316 1194 1391 1225 1111111
1415 1204 1434 1225 a
1457 1194 1614 1234 baptismo
1638 1197 1727 1234 pater
1750 1193 1887 1224 Mamer-

264 1252 314 1279 tus
338 1247 505 1285 sacerdos,
540 1246 590 1277 cui
614 1250 688 1277 ante
712 1256 774 1277 non
798 1256 915 1286 paucos
939 1256 1040 1277 annos
1064 1250 1154 1287 pater
1178 1246 1282 1277 carnis
1306 1255 1397 1277 meae
1420 1249 1568 1286 accepto,
1595 1245 1677 1276 sicut
1700 1245 1760 1276 deo
1782 1244 1885 1275 visum

265 1302 329 1330 051,
364 1297 532 1329 511001110111
563 1301 703 1338 tempore
736 1297 905 1330 suecessit.
941 1301 1022 1328 totas
1052 1297 1083 1328 in
1108 1307 1146 1328 ea
1170 1308 1264 1337 quam
1296 1307 1392 1337 supra
1423 1296 1561 1327 diximus
1592 1296 1771 1336 vigiliarum
1796 1299 1886 1327 nocte

264 1353 372 1381 sancto
397 1349 534 1390 paschae
558 1349 703 1389 concepit
727 1348 832 1379 animo
858 1348 1053 1388 rogationes:
1088 1352 1183 1388 atquc
1207 1349 1250 1379 ibi
1273 1358 1343 1379 cum
1373 1348 1432 1379 deo
1462 1347 1576 1379 tacitus
1599 1347 1758 1385 definivit,
1793 1347 1886 1387 quid-

264 1401 340 1441 quid
364 1400 458 1431 hodie
482 1400 613 1441 psalmis
637 1410 674 1431 110
698 1400 846 1440 precibus
871 1399 1006 1430 mundus
1026 1399 1189 1430 inclamat.
1233 1400 1389 1431 Revoluta
1414 1409 1488 1439 ergo
1513 1399 1726 1430 sollemnitate
1742 1398 1888 1439 paschali

264 1462 326 1483 non
350 1451 412 1482 iam
436 1451 522 1491 quid„
552 1450 607 1482 sed
630 1450 785 1491 111101110110
809 1454 864 1481 aut
887 1450 1013 1490 quando
1038 1450 1106 1482 ficri
1125 1450 1248 1489 debeat7
1277 1454 1398 1481 secreta
1422 1451 1556 1491 primum
1578 1450 1745 1482 collatione
1769 1453 1887 1481 tracta·
1926 1461 1937 1479 5

264 1507 324 1534 tur.
366 1503 540 1533 Putabatur
563 1513 582 1533 a
605 1501 795 1541 quibusdam
814 1502 1004 1532 Viennensis
1029 1506 1170 1541 senatus⁷
1199 1502 1287 1533 cuius
1311 1506 1384 1533 tunc
1408 1501 1584 1533 numerosis
1607 1501 1784 1532 illustribus
1802 1501 1890 1532 curia

264 1554 411 1585 florebat.
445 1553 583 1584 inventis
612 1563 675 1584 non
706 1563 800 1594 posse
831 1553 964 1591 adduci,
1000 1563 1070 1584 cum
1102 1554 1154 1584 vix
1183 1553 1404 1593 adquiesceret
1436 1553 1587 1593 legitimis
1618 1553 1774 1584 inclinari.
1824 1553 1888 1584 Sed

264 1606 335 1646 pius
366 1615 404 1636 ac
434 1604 588 1636 sollicitus
620 1608 728 1645 pastor
759 1605 938 1644 sapientiae
970 1605 1091 1635 salibus
1127 1605 1236 1645 largus
1271 1605 1624 1636 mausuefaciendarum
1660 1604 1765 1635 ovium
1800 1604 1887 1645 prius

264 1656 381 1687 orando
405 1656 557 1687 animum.
586 1665 679 1695 quam
705 1656 881 1696 perorando
905 1656 1040 1687 mollivit
1056 1656 1210 1687 auditum.
1254 1656 1369 1687 Pandit
1385 1656 1483 1696 igitur
1499 1655 1749 1696 dispositionem.r
1777 1655 1888 1686 indicit

265 1708 417 1746 ordinem,
445 1707 574 1747 exponit
597 1707 835 1738 salubritatem:
863 1711 895 1738 et
918 1707 984 1738 viro
1008 1711 1071 1738 tam
1097 1707 1237 1747 religiosi
1264 1718 1358 1747 quam
1383 1707 1520 1738 sollertis
1544 1706 1665 1747 ingenii
1685 1717 1795 1747 parum
1814 1706 1882 1746 fuit7

264 1760 290 1790 si
314 1758 556 1789 oboedientibus
580 1758 773 1798 propositum
798 1758 1013 1789 tantummodo
1036 1758 1243 1790 institutionis
1276 1762 1448 1799 promeret7
1484 1758 1546 1789 nisi
1573 1758 1655 1790 inter
1678 1758 1767 1788 initia
1791 1758 1885 1788 etiam

265 1810 427 1841 vinculum
463 1809 703 1840 consuetudinis
738 1809 931 1850 adsignaret.
996 1810 1177 1850 Inspirante
1213 1810 1309 1849 igitur
1347 1813 1602 1850 compunctorum
1641 1809 1788 1841 cordibus
1827 1809 1886 1840 deo

264 1861 391 1892 auditur
413 1872 432 1891 a
459 1860 597 1893 cunctis.
634 1861 853 1892 confirmatur.
887 1861 1053 1892 attollitur.
1102 1861 1239 1901 Eligitur
1267 1861 1399 1901 tempori
1430 1861 1567 1892 triduum
1599 1870 1768 1901 praesens,
1803 1861 1887 1900 quod

264 1913 345 1943 intcr
375 1912 570 1943 ascensionis
602 1922 711 1942 sacrae
737 1912 855 1943 cultum
881 1913 1029 1951 diemque
1054 1912 1246 1943 dominicum
1271 1912 1363 1952 quasi
1386 1912 1523 1952 quodam
1548 1911 1790 1953 opportunitatis
1815 1922 1887 1952 pro-

266 1964 355 2004 priae
380 1963 474 1994 limbo
499 1963 615 1993 circum
640 1963 750 2003 positis
776 1964 1040 1994 sollemnitatibus
1065 1964 1307 2003 maiginarctur.

350 2015 543 2054 Explorante
567 2018 672 2045 autem
697 2014 845 2055 episcopo
870 2015 1025 2046 fcrwrem
1050 2015 1260 2046 inchoationis
1285 2019 1314 2046 et
1337 2016 1475 2046 maxime
1499 2018 1644 2053 verente.
1680 2025 1720 2045 ne
1752 2014 1791 2045 ob
1822 2017 1887 2045 tar-

265 2066 337 2096 dam
362 2066 469 2106 populi
495 2065 732 2104 sequacitatem.
761 2066 962 2106 paucioribus
987 2067 1107 2098 eductis
1132 2067 1310 2098 observatio
1334 2067 1404 2106 ipsa
1427 2066 1592 2097 confestim
1616 2065 1647 2096 in
1672 2065 1720 2096 sui
1744 2065 1885 2096 novitate

265 2117 480 2155 revilesceret,
507 2116 548 2147 ad
572 2117 749 2149 basilicam.
778 2128 858 2157 quae
884 2121 957 2148 tune
975 2118 1139 2149 moenibus
1156 2118 1288 2149 vicinior
1304 2121 1372 2149 erat
1392 2117 1540 2155 civitatis,
1568 2116 1741 2147 orationem
1765 2117 1886 2157 primae

264 2168 474 2209 processionis
496 2167 618 2198 indicit.
668 2168 733 2198 Itur
751 2169 869 2199 celebri
885 2169 1061 2200 alacritate.
1090 2169 1216 2209 copiosa
1235 2169 1447 2200 multitudine.
1475 2168 1613 2198 maxima
1630 2168 1880 2209 compunctione:

264 2224 298 2251 ut
321 2229 431 2251 revera
454 2218 562 2259 populi
587 2218 726 2250 lacrimis
753 2219 978 2260 laboribusque
1003 2221 1108 2252 brevis
1131 2224 1227 2260 atquc
1250 2224 1387 2260 angusta
1418 2219 1578 2261 processio
1606 2219 1777 2250 videretur.
1826 2219 1885 2250 Vbi

351 2333 365 2355 5
385 2332 526 2360 uigiliarum
545 2331 684 2353 solennium
699 2332 748 2353 (1'H
852 2332 864 2354 7
888 2334 978 2355 animis
998 2333 1170 2355 communibus
1185 2333 1210 2354 H
1313 2333 1488 2362 operiebantur
1502 2332 1554 2354 libri
1659 2333 1731 2354 affuit
1750 2333 1825 2360 igitur
1839 2333 1888 2354 (r'll

266 2378 279 2397 ὅ
299 2376 357 2404 furt.
373 2375 521 2404 patefaceret
629 2374 657 2396 lo
677 2372 761 2405 cbaos]
774 2375 870 2403 gladius
885 2375 904 2395 (γ’
1013 2375 1038 2398 11
1062 2376 1172 2398 vinitatis
1188 2376 1372 2398 Viennensium
1386 2376 1473 2397 uertici
1488 2375 1536 2397 (r'll
1548 2375 1600 2397 Ado
1700 2376 1724 2397 in
1738 2376 1886 2397 immensum

269 2418 316 2439 (ill
329 2417 381 2440 :1th
488 2416 516 2440 12
536 2417 687 2446 praetulerat
706 2416 756 2441 SG,
779 2418 915 2446 protulerat
935 2418 966 2443 ΙΙ,
990 2419 1127 2440 sustulerat
1147 2418 1199 2440 Ado
1306 2418 1335 2441 123
1356 2419 1452 2441 nuntiis
1466 2418 1519 2440 Ado
1624 2416 1807 2450 sollemnitatis]
1827 2419 1886 2441 sub—

264 2461 376 2482 limitatis
390 2459 443 2482 Allo
550 2459 579 2482 15)
600 2460 811 2488 praeimminentis
828 2461 879 2482 chlo
987 2461 1016 2483 111
1036 2462 1147 2484 inuictus
1161 2463 1265 2484 antistes
1280 2465 1379 2484 sanctus
1395 2461 1528 2484 Mamertus
1542 2461 1589 2482 (ιἸΙ
1602 2460 1654 2482 Ado
1761 2460 1790 2483 18
1810 2461 1887 2489 igitur

263 2503 436 2532 desperatione
455 2502 503 2524 (iH
606 2503 787 2524 tlamminarum
807 2503 827 2523 (ι’
845 2504 877 2529 (at
891 2511 951 2526 corr.
970 2505 996 2525 in
1011 2504 1153 2526 [firmiorum
1167 2506 1336 2532 reeoynitione*
1450 2504 1478 2526 19
1497 2504 1527 2526 (10
1547 2504 1685 2533 arripiendo
1699 2503 1724 2529 S,
1746 2504 1886 2532 arripiendo

268 2546 304 2574 (de
323 2550 380 2575 ona>
403 2546 452 2567 (1¹11
564 2545 721 2567 medicamini
742 2547 761 2567 (ι’
782 2547 805 2567 in
828 2546 881 2568 Err.
903 2553 951 2568 rev.
1071 2546 1102 2569 21»
1122 2548 1242 2575 spiritalis
1262 2546 1311 2570 SG.
1335 2547 1471 2576 spiritualis
1491 2547 1516 2568 H
1627 2550 1696 2576 pater
1715 2549 1814 2569 sanctus
1834 2546 1886 2568 Ma-

265 2591 358 2611 mertus
377 2588 490 2610 sacerdes
511 2588 558 2609 (1¹11
673 2587 699 2611 21
724 2595 771 2610 non
791 2591 845 2610 ante
864 2596 953 2618 paucos
973 2596 1019 2611 0111.
1042 2589 1090 2610 (ill
1201 2589 1232 2612 22
1253 2590 1385 2612 sacerdotio
1404 2590 1429 2612 in
1451 2593 1560 2619 tempore
1581 2590 1630 2611 GH
1741 2589 1772 2611 23
1792 2587 1887 2620 sancto]

265 2632 342 2653 sain-ti
360 2630 404 2652 HG
420 2632 444 2653 in.
459 2631 511 2653 Err.
527 2638 573 2653 rec.
590 2633 612 2653 ct
626 2633 659 2653 sie
674 2630 727 2653 Ado
832 2630 964 2663 quidquid]
987 2632 1033 2653 (iH
1046 2632 1099 2654 Ado
1205 2632 1236 2655 25
1257 2633 1299 2655 sed
1314 2633 1410 2662 qnando
1423 2636 1466 2655 ant
1479 2633 1598 2662 quomodo
1617 2633 1664 2654 (1'11
1767 2629 1886 2663 primum]

265 2675 332 2702 prius
346 2674 395 2694 (r'H
499 2673 528 2696 27
550 2674 638 2696 adduci
654 2674 684 2702 H,
707 2674 784 2696 addici
800 2674 838 2696 Sti
944 2676 1113 2704 acquiesceret
1132 2675 1157 2696 H
1261 2676 1292 2698 29
1313 2676 1401 2698 indicit
1420 2675 1470 2701 SM,
1493 2675 1581 2698 iudicii
1602 2676 1622 2696 (ι’
1729 2676 1760 2697 :to
1779 2675 1886 2697 salubri-

265 2718 339 2738 tatem
359 2723 405 2738 oni.
423 2716 442 2736 (τ’
558 2720 582 2738 et
601 2723 647 2738 om.
665 2717 689 2738 H
806 2717 836 2739 32
856 2718 992 2743 assignaret
1015 2718 1062 2739 (ill
1179 2720 1209 2741 :50
1230 2722 1254 2741 et
1274 2719 1380 2741 maxima
1401 2720 1420 2739 (ι’
1537 2718 1568 2740 40
1590 2720 1616 2740 ut
1634 2730 1668 2733 -ψ
1687 2718 1814 2739 uideretur
1834 2717 1883 2745 S(?‚

265 2761 287 2778 et
308 2771 338 2773 —
359 2758 490 2780 uidebatur
508 2758 533 2780 ΙΙ

1905 690 1931 709 lo

1906 948 1934 966 15

1907 1203 1936 1222 20

1907 1718 1935 1735 :to

1906 2230 1935 2249 -1o
