2064 2973
250 123 307 153 1118
1002 117 1107 143 Avl'rl

1038 230 1069 258 3.

332 300 476 332 Insonuit
498 298 588 329 Pauli
619 297 756 338 apostoli
788 296 934 335 auribus,
968 296 1052 336 quod
1082 307 1151 327 non
1182 295 1282 326 lieet
1311 294 1458 325 homiui
1489 294 1603 334 loqui
1631 293 1778 333 quodque
1807 293 1862 324 ille

246 352 480 394 permitteretur
503 350 624 387 dicere,
652 348 680 379 si
702 357 760 379 nos
784 357 976 378 mereremur
998 347 1122 378 audire.
1170 346 1210 377 ei
1242 346 1325 377 enim
1356 346 1393 376 in
1421 345 1574 376 modico
1603 345 1757 376 fideles
1787 354 1862 375 non

248 403 409 440 fuistis,
436 400 539 442 quod
563 399 665 431 maius
689 402 748 430 est
771 398 862 438 quis
885 398 1026 430 credet
1048 398 1184 429 vobis?

1026 552 1079 583 VI.

752 620 930 652 HOMILIA
957 620 1003 651 IN
1027 620 1356 652 ROGATIONIBVS.

333 691 437 724 Currit
459 690 587 731 quidem
610 689 736 721 tramite
759 689 849 720 vitali
872 699 934 720 non
957 699 1013 729 per
1037 688 1159 720 Gallias
1182 688 1415 726 tantummodo,
1450 687 1507 718 sed
1538 697 1641 728 paene
1671 697 1728 727 per
1758 687 1864 717 orbem

248 748 346 776 totum
372 742 580 784 rogationalis
610 741 831 773 observantiae
860 740 977 772 flumen
1007 740 1159 780 irriguum
1191 743 1221 770 et
1244 739 1395 770 infectam
1419 738 1505 769 vitiis
1529 741 1644 770 terram
1667 737 1756 769 uberi
1780 737 1865 768 fluxu

247 806 373 828 annuae
397 793 623 826 satisfactionis
648 796 814 833 expurgat.
862 791 1056 823 Peculiarior
1084 794 1191 822 tamen
1222 791 1312 821 nobis
1340 791 1372 821 111
1400 790 1461 821 hae
1484 789 1555 830 ipsa
1578 789 1776 820 institutione
1800 798 1866 819 ser-

333 914 381 942 VI.
399 914 506 939 Sidonii
514 913 684 948 Apollinaris
698 923 738 947 ep.
755 912 824 943 VII,
840 917 849 937 1
866 912 997 939 Sidonius
1008 912 1120 938 domino
1131 919 1221 946 papae
1232 912 1365 937 Mamerto
1380 919 1401 936 s.
1420 932 1424 936 .
1437 931 1441 936 .
1455 931 1460 936 .
1474 910 1533 935 solo
1547 913 1639 936 tamen
1653 909 1826 935 invectarum
1839 911 1867 934 te.

246 962 360 986 auctore
379 958 607 990 rogationum
620 957 766 989 palpamur
779 956 891 985 auxilio,
912 956 1012 989 quibus
1026 955 1191 981 incohandis
1204 954 1440 986 instituendisque
1454 953 1574 985 populus
1589 951 1735 978 Arvernus
1749 952 1801 977 etsi
1814 959 1867 977 non

247 1002 349 1028 effectu
370 1001 439 1034 pari,
461 1000 564 1026 affectu
584 1003 660 1025 certe
679 1008 733 1025 non
752 999 851 1032 impari
871 1000 965 1031 coepit
984 999 1096 1027 initiari,
1119 1001 1147 1024 et
1166 999 1201 1023 ob
1222 998 1274 1024 hoc
1294 995 1470 1023 circumfusis
1489 997 1607 1022 necdum
1628 996 1676 1021 dat
1689 999 1769 1028 terga
1782 998 1868 1021 terro-

247 1046 333 1071 ribus.
367 1044 427 1070 Non
447 1044 518 1069 enim
538 1043 609 1069 latet
628 1045 751 1068 nostram
771 1042 999 1070 sciscitationem,
1021 1042 1119 1074 primis
1138 1041 1311 1073 temporibus
1330 1041 1460 1066 harumce
1477 1039 1713 1071 supplicationum
1726 1039 1868 1064 instituta-

246 1096 305 1114 rum
326 1088 427 1114 civitas
446 1086 565 1112 caelitus
584 1086 636 1111 tibi
657 1086 764 1111 credita
784 1093 833 1118 per
853 1086 931 1110 cuius
951 1085 1025 1110 modi
1039 1085 1231 1117 prodigiorum
1245 1084 1472 1109 terriculamenta
1485 1082 1668 1108 vacuabatur.
1702 1081 1770 1107 Nam
1784 1082 1867 1107 modo

247 1138 365 1158 scaenae
386 1130 524 1155 moenium
543 1128 720 1161 publicorum
740 1128 846 1154 crebris
864 1131 956 1153 terrae
974 1128 1096 1153 motibus
1117 1127 1363 1153 concutiebantur:
1385 1134 1456 1151 nunc
1475 1126 1554 1158 ignes
1575 1132 1658 1158 saepe
1677 1124 1808 1150 flammati
1824 1132 1867 1150 ca-

246 1175 333 1201 ducas
348 1173 496 1199 culminum
510 1172 611 1197 cristas
625 1171 784 1203 superiecto
798 1169 956 1196 favillarum
970 1173 1062 1196 monte
1076 1170 1264 1196 tumulabant:
1280 1177 1352 1195 nunc
1366 1169 1505 1201 stupenda
1519 1167 1579 1194 foro
1594 1168 1697 1194 cubilia
1711 1168 1868 1193 collocabat

245 1216 392 1244 audacium
412 1215 542 1248 pavenda
560 1215 745 1240 mansuetudo
765 1222 925 1240 cervorum:
948 1221 1009 1239 cum
1028 1216 1059 1239 tu
1078 1214 1150 1239 inter
1170 1214 1224 1239 ista
1240 1213 1367 1238 discessu
1380 1212 1532 1244 primorum
1546 1211 1778 1244 populariumque
1793 1213 1867 1236 statu

246 1261 322 1286 urbis
342 1259 484 1285 exinanito
503 1258 539 1283 ad
558 1265 630 1283 nova
650 1257 723 1282 celer
743 1260 871 1283 veterum
891 1257 1077 1283 Ninivitarum
1097 1257 1225 1289 exempla
1245 1256 1411 1285 decurristi,
1434 1263 1466 1281 ne
1487 1255 1598 1281 divinae
1618 1254 1800 1280 admonitioni
1820 1256 1867 1279 tua

246 1310 355 1337 quoqne
382 1301 544 1334 desperatio
564 1301 779 1326 conviciaretur.
818 1300 854 1325 Et
872 1307 938 1326 vere
958 1300 1011 1325 iam
1032 1300 1066 1325 de
1087 1300 1140 1325 deo
1160 1302 1189 1325 tu
1208 1300 1319 1324 minime
1339 1301 1452 1331 poteras
1471 1298 1577 1331 absque
1596 1299 1713 1330 peccato
1731 1299 1796 1329 post
1813 1297 1868 1322 vir-

242 1349 332 1372 tutum
352 1345 544 1377 experimenta
564 1342 703 1369 diffidere.
740 1343 810 1369 Nam
831 1350 891 1369 cum
911 1343 972 1369 viee
992 1343 1112 1376 quadam
1132 1343 1233 1369 civitas
1252 1341 1425 1374 conflagrare
1446 1341 1594 1373 coepisset,
1617 1339 1686 1366 fides
1706 1343 1754 1365 tua
1772 1340 1800 1365 in
1819 1340 1868 1365 illo

242 1389 344 1415 ardore
363 1388 425 1422 plus
445 1387 544 1412 caluit:
575 1390 603 1412 et
629 1394 689 1412 cum
709 1387 737 1412 in
757 1389 911 1418 conspeetu-
930 1386 1051 1418 pavidae
1070 1385 1162 1418 plebis
1182 1386 1295 1411 obiectu
1315 1385 1374 1411 solo
1394 1385 1434 1410 tui
1455 1384 1580 1416 corporis
1600 1384 1671 1416 ignis
1689 1390 1821 1408 recussus
1840 1382 1868 1408 in

243 1435 353 1464 tergum
372 1429 501 1463 fugitivis
521 1429 640 1455 flexibus
660 1430 837 1457 sinuaretur,
859 1430 994 1454 miraculo
1013 1429 1151 1457 terribili,
1173 1437 1254 1456 novo,
1276 1428 1420 1455 inusitato.
1442 1426 1534 1452 adfuit
1553 1426 1679 1452 fiammae
1699 1426 1799 1451 cedere
1819 1433 1869 1458 per

242 1474 443 1502 reverentiam,
472 1473 516 1498 0111
542 1473 646 1497 sentire
671 1471 763 1498 defuit.
787 1480 837 1504 per
863 1475 997 1497 naturam.
1038 1472 1158 1497 Primum
1185 1471 1270 1503 igitur
1290 1474 1318 1496 et
1337 1471 1371 1496 iis
1390 1470 1488 1502 paucis
1507 1470 1594 1495 nostri
1614 1469 1721 1494 ordinis
1741 1468 1810 1494 viris
1829 1468 1868 1493 in—

244 1518 314 1544 dicis
334 1517 451 1545 ieiunia,
472 1514 620 1541 interdicis
640 1515 759 1547 flagitia,
783 1515 921 1547 supplicia
942 1514 1100 1547 praedicis,
1122 1514 1245 1540 remedia
1266 1514 1418 1546 promittis:
1447 1512 1564 1545 exponis
1584 1512 1712 1537 omnibus
1730 1519 1780 1536 nec
1801 1518 1869 1543 poe-

243 1568 304 1587 nam
325 1560 503 1592 longinquam
523 1565 585 1584 esse
605 1565 655 1583 nec
676 1558 799 1589 veniam,
831 1558 915 1583 doces
940 1557 1121 1582 denuntiatae
1147 1557 1308 1582 solitudinis
1333 1556 1420 1581 minas
1445 1555 1603 1581 orationum
1629 1554 1787 1588 frequentia
1806 1561 1868 1579 esse

243 1602 429 1629 amoliendas:
458 1609 553 1626 mones
577 1601 777 1626 adsiduitatem
798 1599 917 1626 furentis
937 1600 1059 1626 incendii
1080 1608 1152 1633 aqua
1170 1600 1264 1632 potius
1284 1599 1427 1624 oculorum
1448 1606 1529 1632 quam
1549 1598 1690 1623 fluminum
1709 1605 1792 1630 posse
1812 1604 1869 1622 res-

243 1646 346 1679 tingui;
369 1652 463 1670 mones
483 1644 618 1669 minacem
638 1646 731 1669 terrae
752 1646 875 1669 motuum
897 1643 1133 1669 conflictationem
1154 1643 1218 1668 fidei
1238 1642 1395 1668 stabilitate
1415 1642 1589 1667 firmandum.
1617 1640 1703 1666 Cuius
1723 1639 1868 1665 confestim

245 1697 351 1722 sequax
371 1687 483 1713 humilis
503 1687 586 1712 turba
606 1687 716 1712 consilii
736 1687 889 1712 maioribus
910 1694 1019 1720 quoque
1039 1687 1097 1712 suis
1117 1685 1170 1711 fuit
1191 1686 1387 1713 incitamento,
1416 1693 1485 1718 quos
1511 1692 1572 1710 011111
1596 1692 1649 1709 11011
1668 1684 1806 1716 piguisset
1825 1682 1869 1708 fu-

244 1740 318 1764 gere,
341 1730 435 1755 redire
454 1737 508 1755 non
528 1729 637 1761 puduit.
671 1729 731 1760 Qua.
750 1729 902 1754 devotione
922 1730 1052 1762 placatus
1071 1729 1214 1761 inspector
1233 1731 1376 1761 pectorum
1397 1728 1464 1753 deus
1485 1726 1552 1752 feeit
1572 1735 1633 1752 0550
1646 1726 1868 1752 obsecrationem

245 1777 366 1800 vestram
392 1772 473 1798 vobis
499 1772 598 1798 saluti,
627 1772 728 1797 ceteris
748 1772 912 1800 imitationi,
940 1773 1066 1805 utrisque
1086 1772 1239 1804 pracsidio.
1280 1772 1407 1804 Denique
1427 1771 1484 1796 illie
1505 1771 1638 1802 deinceps
1657 1778 1712 1794 non
1731 1768 1809 1795 fuere
1828 1769 1872 1795 vel

245 1817 344 1842 damna
364 1815 516 1841 calamitati
537 1815 581 1840 vel
601 1818 712 1840 ostenta
731 1814 882 1840 formidini.
916 1815 993 1846 Quae
1013 1815 1103 1840 omnia
1125 1815 1215 1840 sciens
1236 1814 1356 1846 populus
1376 1814 1428 1839 iste
1449 1813 1656 1839 Viennensibus
1676 1813 1731 1838 tuis
1751 1816 1779 1838 et
1798 1812 1872 1837 acci-

244 1860 319 1885 disse
338 1859 415 1891 prius
437 1861 464 1884 et
483 1866 537 1883 non
556 1858 711 1883 accessisse
731 1858 888 1890 posterius.
918 1858 1038 1890 vestigia
1058 1861 1113 1883 tam
1135 1860 1331 1883 sacrosanctae
1354 1856 1558 1882 informationis
1577 1856 1756 1888 amplectitur
1774 1855 1872 1881 sedulo

245 1905 354 1934 petens,
376 1904 406 1926 nt
425 1901 614 1926 conscientiae
635 1903 698 1926 tuae
718 1901 866 1926 beatitudo
886 1901 980 1926 mittat
993 1901 1149 1926 orationum
1164 1908 1275 1925 suarum
1290 1900 1432 1932 suffragia,
1455 1900 1556 1932 quibus
1569 1899 1695 1931 exempla
1708 1898 1870 1923 transmisit.

246 1945 320 1970 Idem
342 1954 382 1978 ep.
410 1944 438 1974 Γ,
464 1947 491 1967 14
512 1943 644 1969 Sidonius
664 1943 742 1975 Apro
762 1951 813 1968 suo
832 1951 853 1969 s.
878 1964 883 1969 ,
901 1964 905 1968 .
925 1964 929 1968 .
961 1943 1103 1977 Quidquid
1123 1943 1193 1968 illud
1214 1946 1270 1973 est,
1294 1943 1367 1976 quod
1388 1943 1432 1969 vel
1452 1943 1510 1968 otio
1530 1942 1572 1968 vel
1594 1942 1706 1973 negotio
1726 1949 1822 1968 vacas,
1844 1941 1871 1966 in

247 1988 340 2013 urbem
355 1990 455 2013 tamen.
473 1987 498 2011 ni
515 1985 642 2013 fallimur,
666 1986 891 2018 rogationum
912 1986 1147 2018 contemplatione
1161 1986 1341 2011 revocabere.
1363 1986 1482 2016 Quarum
1496 1985 1577 2010 nobis
1591 1985 1804 2010 sollemnitatem
1818 1984 1873 2016 pri-

246 2038 306 2055 mus
326 2030 476 2055 Mamertus
496 2032 577 2061 pater
597 2032 624 2053 et
642 2028 768 2061 pontifex
789 2029 1017 2054 reverentissimo
1038 2029 1177 2061 exemplo,
1209 2029 1357 2054 utilissimo
1377 2029 1569 2061 experimento
1588 2027 1709 2055 invenit,
1737 2027 1868 2054 instituitv

246 2073 361 2098 invexit.
392 2072 477 2097 Erant
498 2071 609 2104 quidem
630 2072 715 2103 prius,
738 2072 811 2104 quod
833 2071 910 2097 salva
931 2071 996 2097 fidei
1016 2079 1085 2104 pace
1105 2072 1142 2097 sit
1162 2072 1276 2098 (lictum.
1300 2080 1398 2104 vagae.
1421 2074 1558 2103 tepentes,
1581 2069 1828 2103 infrequentesque
1843 2072 1873 2094 ut

246 2123 299 2148 que
319 2115 358 2140 sic
378 2115 505 2143 dixerim,
527 2114 731 2139 oscitabundae
751 2115 982 2146 supplicationes,
1004 2122 1076 2148 quae
1097 2122 1180 2146 saepe
1201 2115 1437 2146 interpellantium
1452 2114 1629 2147 prandiorum
1644 2113 1773 2138 obicibus
1788 2112 1872 2137 hebe-

248 2158 393 2187 tabantur,
422 2157 541 2182 maxime
560 2160 609 2182 aut
629 2157 733 2182 imbres
753 2160 801 2182 aut
821 2157 1000 2182 serenitatem
1020 2157 1236 2190 deprecaturae,
1258 2158 1292 2183 ad
1312 2166 1394 2190 quas,
1418 2160 1447 2182 ut
1467 2157 1503 2182 nil
1524 2157 1643 2189 amplius
1662 2157 1764 2182 dicam.
1786 2155 1871 2188 figulo

247 2201 353 2233 pariter
378 2202 462 2234 atque
487 2199 634 2225 hortulano
659 2208 712 2225 non
732 2201 856 2232 oportuit
876 2201 1035 2226 convenire.
1074 2200 1105 2226 In
1125 2200 1169 2225 bis
1188 2202 1298 2227 autem,
1328 2208 1396 2233 quas
1417 2199 1579 2232 suprafatus
1598 2207 1719 2225 summus
1739 2199 1871 2225 sacerdos

248 2246 277 2269 et
296 2243 414 2276 protulit
433 2243 539 2275 pariter
558 2246 586 2268 et
606 2243 733 2272 contulit,
755 2243 901 2271 ieiunatur,
925 2246 1029 2271 oratur,
1051 2244 1190 2276 psallitur,
1212 2243 1301 2268 fletur.
1335 2243 1478 2268 Praeterea
1498 2244 1568 2276 etms.
1588 2243 1620 2267 de
1638 2243 1686 2267 Ιιιιο
1704 2242 1869 2275 rngsatiomm

249 2286 412 2311 institatimze
436 2285 560 2311 Caesarii
579 2285 745 2310 Arelatensis
763 2285 872 2310 homilia
893 2286 1041 2311 XXXIII.

337 2356 344 2379 l
368 2354 493 2380 Corinth.
516 2354 542 2379 II
565 2354 604 2384 12,
626 2355 649 2379 4.
758 2355 772 2378 2
793 2355 859 2380 Luc.
884 2356 922 2382 16.
947 2356 1054 2379 10—12.

334 2442 357 2464 3.
397 2441 484 2464 Florus
503 2441 535 2463 ad
556 2441 664 2464 corinth.
686 2442 715 2463 II
736 2442 775 2470 19,
798 2444 820 2463 4.

334 2537 378 2559 VI.
418 2536 524 2558 Homilia
543 2536 608 2558 beati
630 2536 737 2558 Alchimi
756 2536 827 2558 Auiti
848 2535 998 2557 Viennensis
1018 2535 1205 2565 Archiepiscopi
1226 2537 1255 2558 de
1275 2537 1352 2565 prima
1372 2537 1428 2558 festi
1450 2537 1610 2562 negationum
1630 2537 1803 2564 institutione,
1825 2536 1868 2558 ba-

249 2582 300 2603 bitu
319 2580 348 2602 ad
368 2579 486 2609 populum
507 2579 678 2601 Viennensem
699 2578 718 2600 G
744 2580 781 2598 '=
804 2580 897 2607 (iuynei
916 2579 1060 2607 exemplar),
1082 2579 1189 2601 Homilia
1208 2579 1236 2601 de
1257 2580 1434 2606 rogationibus.
1457 2580 1527 2601 Ynde
1547 2579 1699 2602 consuetudo
1718 2579 1867 2608 rogationum

250 2623 393 2652 processerit
407 2622 424 2644 S
440 2623 480 2651 (=
495 2622 659 2650 sirmondus),
682 2628 789 2644 Achrxl
810 2628 882 2643 Arm
902 2628 1019 2643 nonan
1040 2628 1068 2643 IN
1088 2628 1280 2644 uocariomnvs
1295 2622 1315 2643 B
1338 2622 1474 2650 (Beruensis
1487 2622 1558 2644 codes·
1571 2624 1620 2644 ³94
1634 2621 1655 2650 f.
1672 2621 1734 2644 2:²5¹*
1753 2629 1771 2644 5.
1793 2622 1869 2643 VIIII

250 2667 289 2688 ubi
302 2668 381 2688 estant
394 2665 505 2687 homiliae
518 2673 541 2687 v.
558 2667 571 2687 4
586 2678 617 2680 -
630 2672 656 2693 p.
673 2665 720 2687 109
736 2673 756 2687 e.
774 2666 787 2686 5
803 2664 885 2686 Currit
898 2678 930 2680 —
945 2664 1108 2693 aegritudinis
1121 2672 1201 2694 snaeg,
1224 2665 1249 2686 II
1260 2675 1290 2685 =
1306 2665 1450 2687 Ileuschenii
1463 2666 1586 2693 eseruplar
1605 2666 1676 2687 sAetu
1690 2664 1735 2688 SS.
1752 2665 1865 2687 Bollaml.

252 2707 311 2730 Maii
331 2710 347 2730 t.
371 2708 397 2729 II
413 2715 438 2736 p.
460 2709 569 2737 631sq.)
702 2707 717 2730 4
736 2705 919 2739 tantummodo]
940 2708 1007 2730 modo
1030 2709 1049 2729 ‘r'
1180 2708 1194 2729 ἵ)
1214 2709 1345 2737 rogationis
1368 2710 1387 2730 (ι’
1516 2709 1590 2730 ubero
1610 2708 1630 2730 Β
1761 2708 1776 2731 G
1795 2708 1868 2730 satis·

249 2751 355 2774 factione
376 2751 397 2774 B
503 2751 572 2773 nobis
592 2754 673 2774 tamen
694 2751 714 2772 Β
818 2749 927 2783 seruitii]
946 2751 1092 2773 sestiuitatis
1115 2750 1162 2774 (ill
