2064 2973
615 135 665 161 III.
687 134 804 161 INDEX
825 135 1029 162 VERBORVM
1050 135 1097 161 ET
1116 135 1368 162 LOCVTIONVM.
1407 134 1441 160 A.

218 230 418 259 principari:
452 233 568 260 exposcat
591 231 724 261 principari
748 232 795 254 sibi
814 233 954 261 praesulem
974 239 1017 254 no-

253 266 332 287 strum
351 263 482 287 Parthicus
502 264 587 287 ductor
607 265 663 295 100,
687 270 715 289 30

218 299 441 328 principatus:
464 299 510 321 sub
523 299 665 329 principatu
678 302 759 322 vestro
778 299 819 330 62,
837 304 866 323 20
903 301 929 322 in
949 301 1017 330 prin-

253 333 362 362 cipatum
382 333 503 361 generalis
522 334 639 356 ecclesiae
659 333 699 358 64.
723 337 752 358 23

218 367 434 396 principium:
464 368 615 397 principium
635 369 802 398 responsionis
825 375 954 391 assumens
974 368 1014 398 24,

255 405 282 424 31
322 401 351 423 ab
371 408 420 424 uno
439 401 546 424 divisum
565 403 687 432 principio
707 403 827 432 templum
850 402 907 431 142,
923 407 953 426 25
991 403 1016 425 in

255 435 385 465 principiis
406 437 431 458 in
450 435 529 464 fundo
551 435 606 463 137,
632 441 657 459 14

218 470 361 499 priscus:
384 468 508 499 *priscior
527 470 568 500 62,
593 475 620 494 13

219 504 448 533 privilegium:
482 505 607 533 privilegii
629 504 684 533 109,
708 509 721 528 2
767 506 920 528 auctoritatis
939 506 1017 535 privi-

253 538 318 566 legio
338 537 379 567 68,
403 542 430 561 21
469 539 599 568 privilegio
619 540 773 562 auctoritatis
793 539 834 569 56,
857 544 868 563 S
906 543 1017 569 potesta-

253 573 285 594 tis
311 573 442 602 privilegio
468 573 514 602 85,
538 578 549 597 3
592 573 730 603 privilegiis
756 573 802 601 56,
826 577 855 597 25
899 574 1017 597 honorum

253 606 390 636 privilegiis
410 606 450 636 76,
468 611 497 631 30
535 614 581 630 nec
599 610 714 630 teneatur
732 608 864 637 privilegio
884 611 1018 631 consuetu-

254 641 321 662 dinis
341 640 382 671 34,
406 645 435 664 34

219 681 284 704 pro:
317 681 360 705 pro
386 676 513 704 voluptate
533 675 682 705 desperabili
701 675 744 706 49,
765 680 794 700 2⁵1
844 684 899 699 cum
918 684 960 706 pro
980 677 1017 699 in—

253 711 338 731 cestus
352 710 460 732 facinore
473 710 614 739 culparetur
632 710 674 740 49,
690 716 718 734 30
756 718 798 740 pro
818 711 1017 733 reconciliatione

256 744 295 765 sui
315 742 355 773 84,
375 748 402 766 14
440 751 483 774 pro
496 745 601 774 penuria
612 745 777 775 respondendi
799 744 838 773 13,
855 748 884 768 20
922 752 964 775 pro
979 746 1017 768 ul-

254 778 315 800 tima
333 778 441 807 perfugii
461 779 609 802 necessitate
631 778 668 807 14,
688 783 715 802 111
754 782 783 802 ut
801 780 869 802 vobis
889 786 931 809 pro
945 781 1017 802 venia

254 812 407 842 supplicaret
426 811 466 841 84,
487 817 496 836 1
535 813 600 842 quod
619 814 690 836 nobis
709 821 752 843 pro
771 814 923 842 quorundam
943 815 1018 843 capti-

254 853 338 868 vorum
362 847 508 869 liberatione
534 850 679 876 suggestum
702 851 740 870 est
759 848 800 876 65,
824 851 852 871 29
891 851 956 871 orate
976 855 1017 878 pro

254 880 346 903 mundo
370 880 426 907 146,
454 885 481 904 18
519 888 561 910 pro
587 883 725 904 communis
751 883 885 905 ministerii
905 883 1017 905 observa-

255 915 323 938 tione
349 914 397 943 73,
421 919 448 937 17
486 922 529 945 pro
548 916 692 938 concitanda
715 916 777 938 mihi
801 917 893 939 offensa
918 916 963 945 73,
988 920 1016 940 23

255 949 342 978 populi
367 955 410 978 pro
434 950 561 978 religionis
585 951 687 980 imperio
713 951 829 973 servituri
855 950 900 975 76.
926 956 953 974 125
991 954 1019 973 ut

254 983 302 1012 ipsi
328 990 373 1013 per
398 990 442 1006 nos
466 985 553 1006 urbem
579 988 752 1014 expeteremus
781 992 823 1014 pro
850 985 1018 1015 dependendis

255 1017 347 1040 divinis
371 1018 538 1048 humanisque
562 1019 653 1042 officiis
679 1019 720 1049 64,
743 1024 754 1043 3
792 1020 857 1048 quod
877 1021 1020 1049 frequenter

254 1054 297 1074 aut
322 1059 364 1081 pro
390 1053 485 1082 peccati
504 1053 677 1076 emendatione
696 1060 839 1076 concessum
859 1058 901 1077 aut
921 1061 1017 1077 rursum

256 1093 299 1115 pro
331 1087 517 1109 succedentium
548 1088 675 1117 culparum
706 1089 866 1117 castigatione
895 1089 1018 1111 sublatum

256 1123 294 1143 est
313 1120 353 1149 55,
373 1125 384 1143 8
422 1127 465 1150 pro
483 1122 550 1144 omni
570 1123 644 1145 verbo
663 1123 739 1145 otioso
758 1123 877 1145 rationem
892 1123 1020 1145 redhibere

255 1154 313 1183 202,
339 1159 365 1178 14
404 1155 542 1184 patriarcha
561 1163 616 1178 cum
637 1164 649 1178 a
669 1157 772 1186 quodam
793 1163 835 1185 pro
854 1157 962 1179 remedio
981 1163 1021 1178 ae-

255 1190 363 1212 stuantis
382 1190 492 1212 incendii
514 1191 587 1213 cassis
607 1197 661 1213 sero
680 1191 796 1221 precibus
815 1194 924 1214 oraretur
942 1190 984 1219 21,
1008 1195 1019 1214 :3

255 1230 298 1253 pro
323 1230 411 1252 magna
435 1226 504 1253 parte
525 1224 566 1253 71,
589 1228 617 1248 29
656 1232 699 1254 pro
724 1226 904 1248 consuetudine
924 1225 967 1254 62,
990 1229 1019 1248 26

255 1264 298 1287 pro
318 1265 345 1280 eo
364 1258 428 1287 quod
450 1257 488 1288 14,
512 1262 541 1281 20

221 1293 418 1321 probabilis:
442 1299 543 1321 magnae
562 1301 589 1315 ac
607 1294 741 1323 probabilis
761 1294 825 1316 vitae
844 1293 885 1322 98,
909 1297 939 1316 22

221 1327 374 1355 probare:
406 1328 524 1356 probatur
552 1334 599 1350 nou
628 1331 677 1350 tam
705 1328 815 1356 dignatio
843 1331 922 1350 vestra
950 1328 1021 1350 nobis

257 1368 330 1390 quam
349 1362 489 1391 praesentia
508 1361 618 1385 defuisse
638 1361 678 1387 88,
703 1366 731 1385 24
777 1363 884 1385 delectat
903 1363 1021 1392 asperitas

257 1392 438 1423 medicaminis,
464 1396 489 1418 in
509 1403 556 1425 quo
575 1397 718 1426 frequenter
738 1397 846 1419 inveniri
866 1397 965 1425 probata
984 1399 1022 1419 est

259 1436 316 1459 spes
335 1430 422 1452 salutis
445 1429 500 1458 111,
525 1434 553 1453 10·

223 1464 445 1493 procellosus:
466 1465 599 1487 coniuratio
618 1465 754 1494 procellosa
774 1464 814 1495 79,
837 1469 865 1488 27

223 1504 352 1527 procer:
374 1499 480 1527 proceris
500 1500 577 1522 vestri
599 1498 654 1524 101.
679 1503 706 1523 15

224 1533 407 1562 processio:
442 1534 561 1555 virtutem
584 1534 747 1563 processionis
766 1535 815 1556 vim
832 1533 977 1562 procedendi
997 1533 1021 1559 6,

263 1571 289 1590 17
328 1568 463 1590 orationem
489 1568 582 1596 primae
606 1569 768 1597 processionis
798 1567 853 1593 110,
874 1574 902 1590 :io
942 1569 1023 1590 brevis

259 1604 332 1630 atque
350 1604 454 1630 angusta
473 1603 596 1631 processio
617 1602 673 1631 110,
696 1607 725 1625 40

225 1642 408 1665 processus:
443 1636 569 1665 (tralbium
595 1643 711 1666 processu
739 1636 795 1666 142,
824 1641 852 1659 113

259 1671 376 1699 temporis
400 1669 456 1699 118,
479 1674 508 1693 20

227 1705 430 1733 procinctus:
452 1706 477 1727 in
497 1706 550 1734 ipso
570 1705 736 1735 expeditionis
756 1706 881 1735 procinctu
902 1704 944 1733 99,
967 1710 978 1727 5

226 1736 319 1767 *proc
330 1739 493 1767 ordare(‘?jz
516 1740 536 1761 si
556 1746 596 1761 vos
617 1739 644 1762 ad
659 1740 788 1762 ecclesiam
803 1740 913 1769 potuisse
928 1746 1025 1769 procor-

261 1773 318 1795 dare
338 1774 516 1802 rescripseritis
539 1773 578 1803 94,
603 1778 614 1796 3

227 1808 353 1836 procul:
382 1808 506 1835 magistris
525 1808 609 1837 procul
629 1809 716 1838 positis
737 1807 777 1836 fis,
801 1813 830 1831 35

265 1842 324 1864 sitos
345 1841 385 1871 71,
409 1846 438 1865 30
459 1842 492 1871 cf.
514 1849 604 1871 ponere

228 1882 419 1905 procurare:
454 1880 612 1906 praesentare
637 1879 751 1905 procuret
774 1875 815 1905 98,
845 1880 874 1899 22
929 1883 1026 1899 servum

263 1911 498 1939 interrogationibus
512 1911 622 1933 vicinum
637 1912 690 1934 fieri
704 1911 830 1940 procuravi
846 1910 886 1939 73,
907 1915 933 1933 lo

263 1945 398 1967 curandum
418 1947 464 1974 est,
486 1948 514 1967 ut
532 1958 566 1961 ——
585 1944 626 1974 83,
649 1949 678 1968 20

228 1985 414 2008 procursus:
438 1980 568 2008 agentibus
582 1980 752 2008 gratulationis
766 1986 909 2009 procursum
925 1978 982 2008 133,
1000 1983 1026 2002 15

228 2013 383 2042 prodesse
403 2012 436 2042 cf.
458 2015 553 2043 profore

228 2048 452 2076 prodigiosus:
480 2048 642 2077 prodigiosum
663 2048 783 2078 quoddam
803 2049 919 2071 bustuale
942 2047 996 2077 109,
1015 2052 1026 2069 o

229 2082 423 2110 producere:
454 2083 589 2112 producere
615 2083 733 2110 syllabam
759 2082 804 2110 86,
831 2086 858 2105 12
878 2085 921 2106 etc.

264 2116 384 2145 Virgilius
404 2118 499 2146 potitus
519 2117 636 2147 producte
655 2117 766 2146 posuerit
785 2116 827 2145 86,
849 2120 877 2140 28

228 2151 403 2180 profanus:
424 2152 533 2180 profanis
553 2152 660 2174 cultibus
682 2151 738 2181 134,
763 2155 791 2174 15

230 2185 415 2214 profectus:
443 2186 566 2214 profectui
585 2189 667 2209 nostro
689 2185 745 2214 116,
768 2189 797 2209 25

908 1643 1023 1666 processu

879 1808 963 1837 procul
982 1814 1026 1837 po-

269 2257 298 2276 :12

232 2288 399 2317 professio
430 2287 476 2317 70,
500 2292 537 2311 10.
573 2288 633 2317 171,
657 2292 669 2312 2
718 2289 894 2318 professionem
922 2291 1044 2311 nostram*

268 2322 326 2351 275,
349 2327 361 2345 0
411 2323 456 2345 sub
479 2323 632 2351 professione
657 2323 769 2352 opusculi
796 2322 853 2351 201,
877 2328 888 2345 11
938 2323 1044 2352 profes-1

267 2357 336 2378 sione
358 2356 397 2385 15,
420 2361 442 2379 3.
465 2356 505 2386 76,
529 2361 540 2379 6
584 2358 778 2386 professionibus
799 2357 823 2387 4,
846 2360 875 2380 32
922 2357 947 2379 in
968 2356 1044 2379 scis-3

267 2391 339 2413 matis
365 2391 516 2419 professione
542 2391 582 2421 57,
606 2395 635 2414 20

269 2424 325 2453 111,
351 2429 378 2447 15
427 2426 468 2454 pia
492 2426 643 2454 professione
663 2424 706 2455 33,
731 2430 757 2448 is
808 2426 952 2455 deprompta
976 2432 1044 2458 pro-¹

266 2460 374 2516 Ξεξείιζῐὲε
399 2458 444 2488 72,
475 2464 485 2482 7
546 2460 646 2489 publica
676 2461 847 2489 paenitentiae
878 2461 1044 2489 professione]

303 2512 308 2523 7

235 2528 407 2557 profiteri:
430 2535 467 2550 me
481 2528 510 2550 ab
530 2529 629 2551 illorum
648 2531 716 2558 parte
736 2529 848 2557 profiteor
868 2528 908 2555 31,
926 2534 937 2551 0
976 2535 1031 2558 pro-

270 2563 354 2584 fitetur
373 2562 395 2591 9,
419 2568 431 2585 3
480 2563 622 2592 profiteatur
650 2563 691 2592 50,
716 2567 741 2585 17
793 2563 941 2591 sacerdotes,
967 2563 1032 2585 inter

269 2603 329 2626 quos
350 2597 402 2625 ipse
422 2597 530 2626 profiteri
551 2604 599 2619 non
618 2597 694 2620 audeo
714 2596 755 2625 54,
781 2601 808 2620 15

235 2631 400 2660 profluus:
422 2632 533 2660 profluus
552 2631 580 2654 ad
599 2631 731 2654 dicendum
752 2630 792 2659 83,
816 2636 827 2653 0

236 2665 365 2695 profore
384 2664 426 2693 93,
451 2670 478 2688 15

235 2699 373 2728 prosund
384 2706 410 2722 e:
427 2700 939 2729 sopitumprofundiusdouiinumnostrum
951 2699 1006 2728 112,
1019 2704 1030 2723 S

235 2734 460 2763 profunditas:
485 2734 677 2763 profunditatem
700 2734 754 2764 141,
778 2738 790 2757 2
827 2735 909 2757 sinum
929 2735 1032 2764 profun-

270 2768 393 2797 ditatis(?)
416 2767 473 2797 141,
496 2774 507 2790 u

318 2818 410 2837 Avrrvs,

971 1917 1041 1940 pr0-=

972 2082 1029 2105 licet
1042 2096 1043 2103 1

690 2392 852 2420 professionis
877 2391 1030 2414 consuetudo
1043 2399 1044 2414 1

1777 136 1837 164 345

1044 231 1243 261 profundus:
1265 232 1290 253 in
1310 231 1432 261 profunda
1451 230 1579 253 demersus
1601 229 1639 258 18,
1663 234 1693 253 32

1044 266 1209 295 profusio:
1231 266 1256 288 in
1277 272 1443 294 expensarum
1462 265 1604 294 profusione
1624 264 1664 292 78,
1690 268 1718 287 15

1044 301 1213 330 profusus:
1236 300 1297 322 votis
1318 300 1429 329 profusae
1448 299 1638 328 supplicationis
1657 298 1699 327 44,
1716 301 1745 321 23
1783 303 1839 327 pro-

1079 335 1221 356 fusissimae
1240 334 1350 356 caritatis
1370 333 1410 363 67,
1434 338 1462 356 15

1044 369 1239 398 prolixitas:
1274 368 1403 397 prolixitas
1427 368 1615 398 disceptationis
1640 367 1683 397 55,
1710 371 1736 389 13

1078 403 1185 425 lixitatis
1215 402 1275 430 142,
1304 406 1333 425 23
1389 403 1526 432 prolixitati
1556 401 1619 430 274,
1648 406 1659 424 8
1715 403 1840 430 amputato

1079 443 1182 466 aequore
1207 437 1358 466 prolixitatis
1385 436 1424 466 83,
1452 441 1478 460 10
1533 437 1561 458 ad
1586 435 1758 459 declinandam
1784 441 1840 464 pro-

1079 471 1200 493 lixitatem
1214 470 1254 499 20,
1269 474 1296 494 12
1334 471 1475 500 prolixitate
1488 471 1643 500 praesentiae
1652 472 1748 492 vestrae
1759 469 1800 498 63,
1813 473 1836 491 11

1045 505 1212 535 prolixus:
1234 505 1327 534 prolixa
1347 505 1513 534 disputatione
1534 505 1573 534 55,
1597 508 1626 527 22
1664 504 1737 526 etiam
1757 506 1839 531 textu,

1080 546 1111 561 ne
1131 539 1209 561 dicam
1228 539 1382 569 expositione
1401 539 1525 568 prolixum
1544 542 1583 561 est
1601 538 1642 567 54,
1667 543 1694 561 13

1044 574 1197 603 prologus
1217 572 1274 596 201.
1297 573 1345 596 274

1045 607 1208 637 proloqui:
1232 608 1297 630 sicut
1315 608 1365 630 iam
1384 607 1505 637 prolocuti
1525 614 1610 630 sumus
1632 606 1688 635 115,
1713 610 1740 629 12

1044 648 1245 672 promerere:
1275 641 1333 664 licet
1352 642 1422 664 nulla
1441 643 1532 671 scripta
1552 641 1726 670 promeruerim
1747 640 1786 669 45,
1811 644 1839 662 ’.Ν

1045 677 1232 706 promissio:
1262 676 1291 699 de
1310 676 1392 698 divina
1412 677 1574 705 promissione
1593 675 1633 702 99,
1658 679 1686 697 1ss

1045 716 1253 745 promittere:
1280 716 1400 744 templum
1427 718 1595 737 constructum
1621 716 1671 737 sore
1697 715 1841 744 promiserat

1083 749 1136 777 146,
1156 754 1185 772 55
1222 749 1283 771 illud
1299 750 1452 778 promittitur
1465 749 1646 772 reformandum
1661 748 1704 777 33,
1722 753 1746 771 17
1786 755 1841 777 pro-

1079 784 1178 806 mittere
1202 784 1332 812 adgressus
1355 784 1485 806 mulierem
1511 784 1699 806 cohabitationis
1725 783 1842 811 indignae

1079 819 1108 841 ab
1122 825 1221 840 accessu
1237 821 1389 847 aspectuque
1404 825 1448 841 suo
1461 819 1574 847 protinus
1587 817 1763 840 cohercendam
1777 816 1817 844 50,
1828 820 1839 838 4

1045 862 1228 886 promovere
1246 856 1378 885 proficere:
1407 859 1489 879 nostra
1507 857 1570 878 actio
1589 858 1729 885 promoveat
1750 854 1790 883 72,
1815 858 1840 877 17

1080 891 1100 913 si
1125 890 1186 920 quid
1211 890 1328 913 adversus
1356 898 1397 913 eos
1425 891 1559 913 admonitio
1586 892 1669 912 nostra
1695 889 1844 918 promoverit

1082 925 1121 953 70,
1146 928 1172 947 21

1046 963 1225 988 promptus:
1248 959 1361 988 intellegi
1380 962 1521 988 promptum
1541 962 1578 980 θεῖ
1600 958 1638 986 10,
1663 962 1690 981 34

1046 997 1232 1024 promptus:
1254 995 1351 1022 agnosci
1371 994 1396 1016 in
1416 996 1530 1023 promptu
1550 996 1588 1015 est
1606 993 1667 1015 illud
1682 991 1844 1021 periculosius

1081 1028 1178 1050 laedere
1197 1027 1254 1056 202,
1281 1032 1305 1050 14
1346 1029 1457 1056 cognosci
1478 1029 1503 1050 in
1524 1030 1638 1057 promptu
1658 1030 1694 1049 est
1714 1025 1754 1050 82,
1780 1030 1807 1048 13

1047 1062 1254 1091 propatulus:
1279 1063 1306 1084 in
1326 1063 1454 1092 propatulo
1474 1062 1577 1084 habetur
1596 1061 1635 1090 53,
1660 1064 1689 1083 23

1047 1107 1233 1130 properare:
1267 1100 1296 1122 de
1324 1100 1430 1130 apostoli
1455 1100 1526 1122 festis
1552 1099 1719 1130 expectationi
1749 1101 1844 1120 nostrae

1084 1135 1222 1164 properatis
1242 1133 1281 1159 62,
1306 1138 1333 1157 24

1048 1169 1298 1199 propinquitas:
1320 1169 1519 1198 propinquitates
1540 1167 1581 1197 34,
1605 1172 1632 1190 13

1048 1203 1242 1233 propitiare:
1264 1203 1382 1225 diviuitas
1402 1203 1535 1232 propitiata
1553 1202 1594 1229 88,
1619 1205 1646 1224 12

1048 1243 1244 1267 proponere:
1266 1237 1392 1266 religionis
1412 1238 1551 1267 propositae
1571 1237 1655 1258 stilum
1675 1235 1731 1261 201,
1756 1240 1768 1256 0

1049 1272 1268 1301 propositum:
1290 1272 1441 1301 propositum
1462 1271 1586 1300 religionis
1606 1270 1664 1294 275.
1687 1274 1698 1291 :i

1049 1311 1250 1340 proprietast
1272 1311 1447 1340 proprietatem
1467 1310 1580 1332 basilicae
1600 1309 1640 1335 73,
1660 1313 1687 1331 is
1725 1308 1782 1330 dum
1803 1308 1847 1329 ad-

1085 1345 1134 1367 huc
1153 1345 1226 1367 aliam
1245 1346 1362 1367 videntur
1381 1345 1469 1367 habere
1490 1344 1665 1373 proprietatem
1686 1342 1727 1371 76,
1751 1346 1777 1364 14
1817 1342 1846 1364 dc

1085 1380 1236 1409 proprietate
1255 1386 1396 1402 sermonum
1417 1378 1473 1407 113,
1496 1382 1526 1401 22

1050 1414 1220 1444 proprius:
1243 1414 1352 1436 coniunx
1372 1414 1469 1443 propria
1483 1412 1524 1441 34,
1541 1416 1570 1435 20
1609 1411 1720 1441 propriae
1739 1411 1846 1439 regionis

1086 1447 1127 1477 39,
1151 1452 1178 1470 14
1222 1449 1343 1477 propriam
1363 1448 1466 1477 patriam
1486 1446 1527 1475 46,
1551 1452 1561 1468 :i
1609 1446 1707 1478 propria
1726 1445 1847 1467 libertatis

1086 1485 1173 1511 sponte
1190 1481 1229 1511 10,
1247 1487 1275 1506 35
1313 1483 1504 1511 opportunitatis
1523 1482 1634 1510 propriae
1650 1480 1704 1505 110,
1724 1483 1753 1502 34
1790 1485 1847 1507 pro-

1086 1517 1137 1545 prio
1157 1517 1271 1545 exemplo
1295 1516 1335 1544 40,
1359 1520 1370 1538 7
1420 1523 1465 1538 nec
1490 1516 1622 1544 recipiatur
1641 1522 1654 1536 a
1673 1514 1764 1536 nostris
1783 1513 1847 1542 quod

1086 1551 1233 1580 repudiatur
1252 1558 1265 1573 a
1284 1551 1391 1580 propriis
1411 1549 1453 1579 38,
1475 1553 1505 1573 20

1052 1591 1274 1615 prorumpere:
1296 1585 1323 1607 in
1342 1585 1455 1607 lacrimas
1476 1584 1577 1614 prorupi
1597 1582 1638 1611 80,
1662 1588 1673 1605 0

1053 1624 1220 1653 prosapia:
1248 1624 1375 1652 prosapiae
1396 1622 1435 1651 21,
1460 1627 1490 1646 25
1529 1623 1609 1651 regiae
1629 1622 1755 1651 prosapiae
1775 1620 1815 1647 24,
1839 1624 1851 1643 2

1053 1658 1259 1687 prosecutio:
1281 1664 1335 1680 cum
1349 1664 1403 1680 mea
1417 1659 1586 1686 prosecutione
1601 1656 1710 1679 directus
1724 1659 1763 1678 est
1780 1655 1821 1683 46,
1839 1660 1850 1675 n

1053 1692 1223 1721 prosilire:
1247 1692 1363 1714 desiderii
1382 1692 1529 1720 prosiliente
1548 1691 1692 1719 compendio
1711 1690 1752 1717 93,
1778 1694 1804 1712 15

1054 1733 1203 1756 prosper:
1226 1726 1278 1748 odio
1298 1727 1322 1748 in
1343 1733 1488 1755 prosperum
1507 1726 1663 1753 subfragante
1686 1723 1741 1752 145,
1765 1728 1793 1745 :15

1785 373 1840 395 pro-

1039 1767 1259 1790 prosperare:
1282 1763 1392 1782 nostrum
1412 1760 1549 1790 prosperari
1568 1766 1710 1781 successum
1729 1759 1770 1783 85,
1795 1762 1820 1780 14

1055 1795 1275 1825 prosperitas:
1301 1795 1363 1816 dona
1382 1794 1545 1824 prosperitate
1565 1793 1671 1816 secunda
1689 1792 1730 1819 44,
1756 1796 1783 1815 10

1054 1830 1262 1859 prostitutio:
1286 1830 1361 1851 vitam
1380 1829 1555 1858 prostitutione
1574 1828 1714 1850 sordentem
1734 1826 1774 1856 31,
1798 1830 1827 1848 24

1040 1863 1233 1894 ’ρῐοῐεοῐίοῑ
1256 1863 1398 1886 centenaria
1417 1870 1461 1885 sua
1479 1863 1631 1892 protectione
1650 1861 1690 1888 95,
1713 1865 1723 1883 7

1055 1902 1248 1933 protestari·
1280 1902 1305 1924 id
1326 1902 1385 1924 mihi
1405 1904 1525 1930 protestor
1543 1901 1629 1930 inponi
1650 1900 1708 1927 141,
1731 1904 1758 1923 1ss
1796 1906 1852 1928 pro-

1089 1939 1196 1959 testatur
1217 1936 1256 1964 10,
1279 1940 1308 1959 25
1351 1937 1476 1966 apostolus
1496 1938 1645 1964 protestatur
1664 1933 1706 1961 214,
1729 1938 1756 1957 18
1795 1940 1853 1962 apo-

1091 1971 1181 1993 stolum
1209 1973 1386 2000 protestantem
1414 1970 1454 1999 23,
1481 1974 1508 1993 21
1566 1970 1674 1998 apostolo
1701 1970 1852 1998 protestante

1093 2004 1131 2034 12,
1154 2011 1177 2028 s.
1201 2005 1238 2033 14,
1262 2009 1302 2028 34.
1324 2004 1365 2033 25,
1390 2008 1428 2028 12.
1449 2004 1491 2034 34,
1513 2008 1542 2027 28

1041 2048 1042 2061 1
1056 2047 1071 2069 p
1082 2042 1164 2062 rout:
1182 2042 1254 2069 prout
1267 2040 1323 2062 ordo
1336 2039 1505 2062 collocutionis
1518 2039 1646 2060 invenerit
1659 2036 1698 2064 98,
1716 2041 1740 2060 11
1781 2038 1853 2065 prout

1092 2077 1152 2096 sunt
1170 2080 1259 2102 genera
1273 2076 1298 2096 et
1311 2074 1408 2096 ordines
1423 2073 1549 2096 hominum
1566 2071 1622 2099 117,
1639 2076 1650 2094 4
1690 2072 1764 2094 rebus
1782 2073 1854 2100 prout

1091 2108 1205 2137 suppetit
1219 2108 1372 2137 explicandis
1387 2107 1444 2136 202,
1462 2112 1489 2131 10
1527 2107 1697 2136 perstringens
1710 2108 1783 2135 prout
1796 2105 1853 2127 bre—

1091 2143 1154 2165 viter
1172 2143 1253 2172 potuit
1272 2141 1313 2171 64,
1336 2145 1365 2165 20

1042 2199 1043 2206 ,
1058 2177 1209 2206 provehi:
1231 2179 1359 2206 provectos
1377 2184 1421 2206 per
1439 2179 1545 2198 aetatem
1565 2176 1604 2203 35,
1630 2179 1638 2198 1

232 2217 304 2248 *pro
314 2220 414 2242 fessa:
431 2221 451 2241 si
464 2220 599 2249 professam
614 2221 801 2249 conpunctionis
816 2220 973 2242 vacuaverint
987 2219 1028 2247 30,
1042 2215 1044 2242 Ῑ
1057 2219 1091 2241 ΡΤ
1101 2212 1249 2233 ovenire:
1276 2212 1297 2233 Si
1318 2211 1414 2234 medfi'la
1432 2211 1573 2240 Pl¹0VC¹¹¹erit
1593 2210 1634 2238 45›
1656 2213 1685 2232 23

1043 2250 1044 2259 ¹
1057 2252 1249 2280 proventus:
1277 2252 1398 2278 proventu
1417 2250 1535 2272 adsiduae
1555 2249 1717 2279 separationis
1744 2247 1799 2275 133,
1822 2251 1848 2270 21

1092 2285 1211 2307 varietate
1234 2287 1398 2313 proventuum
1418 2284 1460 2310 67,
1487 2288 1493 2306 1

1092 2319 1182 2341 nostris
1201 2319 1322 2341 adcrescit
1340 2318 1380 2345 85,
1405 2322 1432 2341 12

1058 2353 1219 2382 provisio:
1242 2353 1325 2375 divina
1343 2353 1450 2382 provisio
1470 2352 1510 2376 75,
1531 2356 1542 2374 1ὶ
1581 2351 1727 2380 apostolicae
1747 2350 1853 2379 diligen-

1092 2388 1141 2410 tiae
1159 2387 1299 2416 provisione
1324 2387 1364 2415 69,
1390 2391 1417 2410 11⁵
1462 2386 1567 2415 provisio
1592 2386 1706 2408 claustris
1725 2385 1854 2407 commissa

1547 2285 1605 2312 quia
1624 2283 1667 2305 hoc
1691 2282 1853 2311 proventibus

1094 2421 1150 2451 103,
1174 2426 1182 2444 1

1057 2458 1142 2486 -ptet
1165 2459 1252 2485 suopte
1271 2456 1332 2478 vitio
1353 2455 1409 2485 115,
1435 2460 1461 2478 12⁵

1058 2490 1245 2520 publicare:
1273 2490 1419 2519 opusculum
1440 2489 1508 2511 fratri
1529 2491 1611 2511 nostro
1630 2488 1755 2518 publicare
1776 2487 1816 2517 73,
1840 2492 1851 2509 :⁵

1059 2530 1226 2559 publicus:
1260 2530 1359 2559 publica
1388 2532 1453 2558 (opp.
1479 2528 1641 2556 latitabunda)
1670 2527 1715 2557 96,
1744 2531 1772 2550 20
1829 2528 1852 2548 in

1093 2564 1190 2593 publico
1208 2565 1308 2587 fatearis
1330 2563 1351 2591 1,
1376 2568 1402 2586 13

1059 2598 1171 2628 pudor:
1195 2605 1262 2621 rosae
1281 2599 1365 2620 vultus
1384 2604 1438 2620 sero
1457 2597 1547 2626 pudore
1567 2597 1681 2619 inrubuit
1702 2595 1759 2625 133,
1781 2600 1810 2617 110

1059 2633 1186 2661 pullus:
1209 2633 1257 2655 sibi
1276 2632 1389 2654 domiuus
1409 2632 1486 2654 sterni
1505 2632 1600 2661 pullum
1620 2631 1744 2661 praecepit
1764 2629 1805 2658 37,
1822 2632 1850 2652 22⁴

1058 2667 1205 2696 pulsare:
1238 2667 1344 2696 pulsatis
1363 2669 1459 2695 autem,
1485 2666 1527 2695 qui
1547 2666 1679 2689 laboriosus
1699 2668 1770 2687 extra
1789 2663 1853 2686 ordi—

1094 2708 1150 2724 nem
1175 2708 1247 2724 suum
1272 2702 1297 2723 in
1323 2701 1388 2723 omni
1414 2707 1500 2729 parum
1520 2700 1614 2722 stabilis
1633 2700 1724 2722 dicitur
1743 2705 1796 2721 esse
1816 2704 1854 2720 re-

1093 2742 1182 2765 sponso
1202 2735 1241 2764 73,
1266 2739 1294 2758 29

1060 2777 1098 2799 pu
1109 2773 1227 2792 uotum:
1250 2770 1445 2792 scintillantibus
1465 2769 1491 2791 ad
1514 2771 1633 2798 punctum
1653 2768 1726 2791 radiis
1750 2767 1804 2795 112,
1826 2771 1849 2790 11

1618 2819 1648 2843 44
