2064 2973
687 150 736 176 nx
757 150 993 177 noinLIARVM
1012 152 1132 178 Lumo.
1163 153 1194 178 v.
1218 152 1265 178 v1.
1728 159 1784 186 109

169 242 236 273 vitii
261 245 292 273 et
314 241 424 282 gaudii
447 252 545 274 causa
568 247 625 279 est,
660 244 736 284 quia
765 244 849 284 quod
879 245 952 276 hine
981 245 1073 277 modo
1104 246 1146 277 ad
1176 250 1356 278 cunctorum
1390 248 1554 279 utilitatem
1586 249 1712 283 defluit,
1747 260 1785 281 ex

169 297 274 324 nostro
298 293 445 334 primitus
470 294 554 325 fonte
578 295 734 328 manavit:
762 300 793 328 et
815 296 894 327 forte
917 306 1001 327 nunc
1024 297 1181 337 pertineat
1197 298 1238 329 ad
1262 298 1486 338 cuiuscumque
1510 300 1667 340 privilegii
1692 311 1786 331 orna*

169 348 234 376 tum
259 348 402 385 sumptae
427 346 572 386 primitus
595 346 804 378 institutionis
827 347 1002 378 exordium.

256 396 403 427 Ceterum
427 407 498 427 eum
521 397 563 428 ad
586 398 767 429 huiusmodi
791 399 1002 430 humilitatem
1026 399 1198 431 ineffabilis
1228 401 1403 432 necessitas
1434 402 1538 442 rigida
1562 402 1785 434 Viennensium

139 458 150 475 5
171 447 265 479 corda
295 447 489 488 perdomuit,
526 449 666 480 sentiens
697 450 834 481 ecelesia
862 453 969 481 nostra
1000 460 1129 482 causam
1160 452 1371 492 aegritudinis
1401 462 1478 484 suae
1509 464 1569 485 non
1601 454 1661 485 sibi
1696 454 1787 494 quasi

124 713 151 732 10

124 970 151 988 15

123 1300 152 1319 ¹20

123 1514 153 1534 25

125 1730 154 1749 30

128 1946 157 1964 :⁵5

128 2159 158 2177 -10

171 498 310 530 maxime
332 509 409 540 prae
433 499 593 539 omnibus,
629 500 685 532 sed
714 501 804 541 quasi
833 501 891 532 soli
922 512 961 532 ex
992 502 1138 533 omnibus
1168 503 1353 534 existimans
1385 514 1464 545 opus
1493 514 1564 536 esse
1591 505 1787 537 instituenda

171 550 390 582 observatione
426 552 603 591 praesenti,
645 552 811 583 sollicitius
847 552 988 593 captavit
1020 553 1194 584 remedium
1230 565 1323 594 quam
1360 555 1538 595 primatum.
1587 557 1626 587 Et
1659 557 1787 596 quidem

172 605 324 632 terrorum
357 603 507 643 temporis
542 603 629 634 illius
663 613 778 634 causas
814 604 930 634 multos
964 607 1103 635 nostrum
1138 605 1276 636 recolere
1311 605 1386 636 scio.
1445 607 1608 646 Siquidem
1643 608 1791 639 incendia

173 653 299 692 crebra7
327 657 430 685 terrae
454 657 556 685 motus
580 654 722 693 adsidui,
754 655 897 685 nocturni
922 655 1042 686 sonitus
1067 655 1195 686 cuidam
1219 656 1314 687 totius
1338 657 1422 687 orbis
1447 658 1548 689 funeri
1573 659 1789 699 prodigiosum

172 704 330 745 quoddam
354 705 501 736 bustuale
525 705 762 737 minitabantur.
811 706 893 737 Nam
925 707 1089 747 populosis
1118 707 1279 738 hominum
1311 709 1514 740 concursibus
1538 709 1710 742 domestica
1735 711 1790 741 sil-

172 756 323 788 vestrium
347 756 483 787 ferarum
509 757 634 798 species
657 757 902 797 obversabatur,
937 757 1016 789 deus
1046 758 1162 789 viderit
1193 769 1234 789 an
1264 759 1433 790 ludificans
1465 761 1564 791 oculis
1588 772 1628 792 an
1652 761 1790 793 adducta

172 807 337 848 portentis.

258 858 420 899 Quidquid
443 862 548 890 tamen
573 869 611 890 ex
634 860 675 890 iis
699 860 822 891 duobus
846 859 940 899 foret‚
976 860 1108 901 perinde
1139 864 1373 892 monstruosum
1397 862 1643 902 intellegebatur
1667 874 1721 895 scu
1747 866 1791 896 sic

172 910 327 941 veraciter
355 910 508 941 immania
531 911 704 942 bestiarum
728 911 824 942 corda
847 912 1051 943 mansuefieri
1075 922 1130 943 seu
1155 916 1219 943 tam
1242 912 1434 944 horribiliter
1457 915 1676 954 conspectibus
1700 917 1791 947 terri-

171 965 272 993 torum
297 961 399 993 falsae
423 962 554 993 visionis
578 963 804 1003 phantasmata
828 973 921 1004 posse
944 964 1091 1004 confingi.
1141 964 1226 995 Inter
1255 964 1334 995 haec
1365 964 1492 995 diversa
1522 965 1609 1005 vulgi
1634 968 1792 998 sententia

174 1013 411 1054 dispariumque
435 1013 577 1045 ordinum
602 1014 710 1046 variae
734 1015 911 1055 opiniones.
951 1015 1015 1046 Alii
1032 1015 1114 1055 quod
1138 1015 1317 1047 sentiebant
1333 1015 1573 1054 dissimulande,
1603 1027 1682 1057 quae
1706 1018 1792 1050 iietui

172 1065 323 1096 nolebant
339 1064 425 1103 dare7
453 1065 541 1096 casui
557 1065 692 1101 dabant;
720 1066 775 1096 alii
793 1065 906 1106 spiritu
926 1066 1111 1101 salubriore,
1139 1066 1368 1097 abominabilia
1392 1076 1474 1097 nova
1497 1077 1622 1107 quoque
1646 1069 1793 1108 congruis

172 1116 327 1146 malorum
357 1116 559 1157 proprietatis
589 1116 875 1157 significationibus
904 1117 1206 1159 interpretabantur.
1256 1118 1333 1155 Quis
1363 1118 1445 1149 enim
1470 1118 1502 1149 in
1525 1119 1643 1150 crebris
1667 1120 1793 1160 ignibus

172 1167 288 1198 imbres
319 1167 526 1199 Sodomiticos
557 1178 619 1199 non
649 1168 793 1200 timeret?
830 1169 900 1209 quis
931 1169 1138 1200 trementibus
1170 1169 1338 1200 elementis
1370 1173 1424 1200 aut
1454 1169 1591 1201 decidua
1621 1171 1792 1202 culminum

258 1296 306 1322 VI.
349 1297 491 1331 Grefsmu'us
514 1298 670 1323 Turonensis
689 1299 812 1324 Historia
833 1298 997 1324 Francorum
1020 1300 1058 1324 II
1073 1308 1094 1323 c.
1112 1304 1158 1325 34:
1184 1298 1284 1324 Refert
1305 1296 1426 1330 {Avitus}
1449 1299 1475 1324 in
1496 1300 1615 1332 quadam
1635 1300 1793 1329 homilia,

173 1348 253 1373 quain
278 1339 317 1365 de
342 1341 597 1373 rogationibus
621 1342 749 1374 scripsit,
778 1341 827 1367 lias
852 1342 929 1374 ipsas
953 1343 1127 1374 rogationes,
1156 1350 1224 1375 quas
1249 1345 1314 1367 ante
1334 1343 1505 1367 ascensionis
1525 1343 1680 1368 dominicae
1701 1344 1796 1369 trium-

172 1382 256 1415 phum
276 1383 460 1413 celebramus,
482 1392 498 1409 a
518 1384 651 1410 Mamerto
671 1385 759 1417 ipsius
774 1385 940 1411 Viennensis
961 1385 1039 1411 urbis
1059 1385 1199 1417 episcopo,
1223 1385 1266 1410 cui
1287 1387 1316 1410 et
1334 1384 1377 1410 hic
1398 1393 1431 1410 eo
1450 1388 1576 1417 tempore
1596 1389 1734 1418 praeerat,
1757 1387 1796 1412 in>

173 1426 286 1451 stitutas
306 1424 401 1455 fuisse,
424 1427 489 1452 (111111
509 1427 575 1453 urbs
595 1427 642 1453 illa
661 1428 755 1453 multis
776 1430 930 1453 terreretur
949 1428 1097 1460 prodigiis.
1128 1428 1196 1453 Nam
1216 1430 1308 1453 terrae
1327 1431 1403 1453 motu
1424 1427 1585 1462 frequenter
1599 1429 1792 1462 quatiebatur:

173 1469 223 1494 sed
243 1471 271 1494 et
291 1476 435 1495 cervorum
455 1473 539 1503 atque
560 1471 686 1503 luporum
707 1470 804 1497 feritas
823 1474 920 1503 portas
939 1471 1064 1503 ingressa
1084 1479 1134 1504 per
1154 1474 1249 1499 totam,
1272 1474 1302 1497 ut
1321 1471 1444 1503 scripsit,
1467 1471 1564 1496 urbem
1584 1471 1651 1496 nihil
1670 1475 1795 1497 metuens

173 1512 336 1538 oberrabat.
370 1512 494 1546 Cumque
509 1513 576 1538 hacc
596 1521 646 1545 per
665 1514 728 1539 anni
749 1514 882 1539 circulum
901 1517 1074 1546 gererentur,
1096 1514 1313 1540 advenientibus
1333 1514 1473 1546 paschalis
1487 1514 1682 1540 sollemnitatis
1695 1515 1796 1540 diebus

174 1555 343 1587 expectabat
367 1555 588 1581 misericordiam
613 1557 658 1582 dei
678 1557 758 1588 plebs
778 1559 837 1582 tota
857 1557 976 1585 devote,
1004 1560 1035 1582 ut
1054 1557 1097 1583 vel
1118 1557 1161 1582 hic
1182 1565 1297 1589 magnae
1317 1557 1512 1582 sollemnitatis
1532 1557 1593 1582 dics
1612 1557 1674 1582 huic
1696 1559 1795 1582 terrori

173 1598 320 1623 terminum
340 1599 429 1624 daret.
463 1598 518 1624 Sed
538 1599 565 1624 in
585 1600 646 1631 ipsa
664 1600 804 1632 gloriosae
824 1600 915 1625 noctis
935 1600 1041 1632 vigilia.
1063 1600 1127 1625 dum
1142 1600 1287 1625 missarum
1302 1600 1513 1625 celebrarentur
1526 1599 1678 1627 sollemnia,
1702 1600 1796 1625 subito

173 1641 307 1673 palatium
326 1642 421 1674 regale
440 1642 674 1667 intramuraneum
695 1643 790 1668 divino
817 1643 880 1675 igne
907 1643 1103 1672 succenditur,
1130 1650 1235 1675 pavore
1259 1643 1387 1668 omnibus
1411 1643 1569 1674 perterritis
1595 1645 1623 1667 et
1648 1643 1795 1669 ecclesiam

174 1684 308 1716 egressis,
337 1685 517 1710 credentibus
542 1693 576 1710 ne
602 1688 650 1710 aut
674 1685 725 1710 hoe
751 1686 881 1711 inccndio
907 1686 974 1711 urbs
999 1688 1059 1711 tota
1084 1688 1294 1711 consumeretur
1319 1688 1366 1710 aut
1391 1688 1466 1710 certe
1487 1685 1613 1717 disrupta
1634 1686 1732 1711 tellure
1751 1686 1798 1711 de-

176 1727 312 1757 hisceret,
338 1730 451 1753 sanctus
471 1728 603 1753 sacerdos
623 1731 779 1760 prostratus
799 1731 863 1753 ante
882 1729 970 1754 altare
991 1736 1052 1754 cum
1072 1729 1177 1759 gemitu
1197 1731 1224 1753 et
1244 1729 1366 1753 lacrimis
1387 1728 1491 1753 domini
1511 1729 1729 1753 miscricordiam
1750 1729 1797 1753 im-

175 1772 315 1802 precatur.
353 1770 426 1801 Quid
451 1771 550 1803 plura?
580 1772 739 1803 penetravit
763 1772 876 1797 excelsa
900 1772 957 1804 poli
981 1773 1071 1797 oratio
1095 1771 1236 1804 pontificis
1262 1772 1351 1796 incliti
1378 1772 1562 1804 restinxitque
1585 1772 1683 1796 domus
1703 1772 1797 1797 incen-

176 1813 251 1838 dium
271 1812 371 1839 fiumen
390 1813 586 1846 profluentium
606 1814 789 1840 lacrimarum.
825 1814 949 1848 Cumque
969 1815 1037 1840 haec
1058 1818 1215 1846 agerentur,
1237 1815 1480 1847 1111111111111111111111111
1500 1814 1672 1840 ascensione,
1695 1817 1725 1839 ut
1745 1815 1796 1840 iam

177 1856 297 1882 diximus
317 1857 472 1882 maiestatis
492 1857 648 1882 dominicae
668 1858 769 1883 indixit
788 1858 899 1891 populis
919 1858 1059 1885 ieiunium,
1082 1858 1203 1883 instituit
1223 1858 1321 1883 orandi
1342 1857 1461 1883 modum.
1487 1857 1587 1882 edendi
1608 1857 1717 1883 seriem.
1740 1866 1798 1883 ero-

177 1899 261 1932 gandi
282 1899 397 1924 hilarem
417 1900 664 1932 dispensationem.
704 1900 887 1926 Cessantibus
907 1908 1016 1934 quoque
1036 1901 1138 1926 exinde
1165 1900 1322 1925 terroribus
1346 1908 1395 1932 per
1420 1902 1534 1925 cunctas
1559 1901 1719 1932 provincias
1744 1901 1799 1926 dis-

178 1950 260 1975 persa
284 1941 352 1968 facti
378 1941 451 1967 fama
476 1946 592 1968 cunctos
612 1943 775 1969 sacerdotes
800 1944 902 1969 imitari
927 1944 1108 1971 commonuit,
1136 1943 1210 1976 quod
1231 1943 1363 1968 sacerdos
1384 1942 1452 1968 fecit
1471 1950 1504 1967 ex
1526 1942 1595 1968 fide:
1622 1951 1692 1975 quae
1713 1951 1800 1976 usque

177 1993 248 2010 nune
273 1985 300 2010 in
320 1985 424 2011 Christi
450 1986 558 2011 nomine
583 1993 633 2018 per
657 1994 752 2011 omnes
778 1987 911 2012 ecclesias
936 1987 963 2011 in
990 1986 1202 2018 compunctione
1228 1986 1321 2011 cordis
1347 1988 1375 2011 et
1400 1986 1567 2010 contritione
1593 1986 1709 2017 spiritus
1729 1986 1800 2011 cele-

178 2028 302 2054 brantur.
351 2028 424 2053 Hinc
440 2029 527 2062 flunt
552 2029 706 2062 ea-planatio
731 2029 776 2054 illa
803 2039 881 2063 quam
906 2038 936 2054 er
961 2029 1012 2055 cml.
1046 2029 1187 2054 (immensi
1210 2033 1241 2054 95
1269 2038 1289 2054 s.
1312 2028 1364 2053 XI
1398 2028 1538 2061 descripsit
1564 2028 1800 2062 Rc{ffiw'sclwtilius

178 2071 212 2096 B.
235 2071 265 2096 P.
289 2071 322 2096 L.
344 2071 369 2096 I.
391 2071 431 2096 II
446 2075 496 2097 373
508 2080 544 2105 sq.
566 2087 598 2089 —
618 2073 678 2097 Ado
698 2072 837 2097 chronicon
857 2071 893 2097 ad
911 2081 933 2097 ιι.
957 2076 1006 2098 4:¹5
1030 2072 1126 2106 (JIz'gsn.
1148 2072 1294 2097 (J'XXIII
1306 2081 1334 2104 p.
1355 2075 1425 2101 ltu-,¹5
1450 2072 1507 2096 lloc
1528 2074 1651 2103 tempore
1673 2071 1801 2096 beatissi-

178 2122 237 2139 mus
257 2113 407 2140 Mamertus
427 2114 593 2141 Viennensis
618 2116 766 2147 episcopus
793 2115 900 2140 cladem
925 2115 1112 2140 imminentem
1139 2115 1260 2140 lacrimis
1286 2117 1314 2139 et
1339 2115 1471 2146 precibus
1491 2114 1548 2139 suis
1567 2123 1581 2139 a
1604 2114 1800 2140 Vicimensium

179 2157 247 2182 urbe
266 2157 393 2183 removit.
433 2157 575 2191 Siquidem
595 2159 722 2184 incendia
743 2173 774 2175 —
795 2158 912 2183 mundus
932 2158 1064 2184 inclamat
1087 2161 1162 2191 <quar
1181 2157 1266 2188 amisi,
1288 2157 1367 2181 „it-1⁴11?
1379 2160 1440 2181 sant
1455 2157 1530 2181 rei-lm
1540 2157 1653 2190 paulum
1669 2157 1800 2181 immutata

174 2210 204 2234 p.
223 2204 278 2231 108,
296 2204 377 2225 8—11
399 2203 423 2225 et
443 2204 485 2231 2³1,
502 2210 531 2233 2¹.
552 2205 611 2232 109,
636 2205 709 2227 1—2.
734 2205 831 2226 7—14:
855 2210 904 2234 pro
923 2201 985 2226 salis
1004 2201 1094 2229 verris,
1117 2210 1179 2233 quus
1198 2200 1294 2226 Auitus
1311 2200 1403 2234 posuit
1417 2210 1445 2233 l'·
1466 2204 1520 2227 105,
1537 2203 1578 2227 21,
1600 2199 1688 2224 Adoni
1706 2210 1802 2224 nonno-

178 2246 274 2269 ramfar
294 2244 351 2276 lupi
371 2244 429 2270 ursi
450 2251 481 2269 ac
502 2245 578 2270 cervi
598 2244 762 2270 naturaliter
782 2244 898 2277 pavidi).

267 2356 276 2379 1
299 2355 367 2388 hine]
386 2357 444 2379 huic
468 2358 497 2385 (J,
520 2358 562 2380 hoe
582 2357 606 2379 H
720 2358 856 2380 utilitatem
876 2360 1019 2379 cunctorum
1038 2357 1086 2379 (iH
1201 2356 1215 2379 2
1236 2357 1345 2386 pertinet
1366 2356 1389 2377 H
1504 2355 1518 2377 4
1539 2353 1714 2386 humilitatem]
1737 2355 1803 2377 utili-

181 2403 254 2422 mtem
275 2398 294 2421 G
400 2399 414 2422 6
434 2407 488 2422 esse
508 2407 569 2429 opus
589 2399 639 2422 GH
741 2400 754 2423 S
774 2401 854 2423 adhuc
873 2400 978 2422 recolere
1001 2400 1049 2422 GH
1152 2400 1167 2422 9
1187 2400 1279 2422 assidui
1300 2399 1353 2421 libri
1459 2398 1558 2427 qnidam
1583 2398 1635 2419 Allo
1736 2398 1803 2419 urbis

180 2443 199 2464 G
216 2442 269 2464 Ado
365 2442 394 2465 10
414 2443 530 2473 quiddam
545 2443 598 2465 Ado
685 2442 813 2475 bustuale]
827 2450 873 2466 om,
891 2442 921 2467 G.
943 2450 969 2465 ae
983 2443 1059 2465 ferale
1074 2442 1128 2465 Ado
1218 2443 1387 2464 miniabantur
1401 2441 1418 2461 S
1505 2438 1676 2471 concursibus]
1695 2447 1804 2462 conuen<

181 2486 246 2508 tibus
260 2484 309 2507 GH
321 2486 373 2508 Ado
452 2486 481 2509 13
496 2484 629 2518 quidquid]
642 2487 688 2508 (r'H
759 2490 922 2509 monstrosum
937 2485 986 2508 GH
1058 2485 1086 2508 17
1107 2492 1203 2515 quoqne
1217 2492 1264 2507 σπι.
1277 2485 1309 2512 H,
1326 2492 1424 2514 queque
1439 2484 1458 2504 (τ’
1533 2482 1562 2505 111
1583 2481 1685 2513 imbros}
1700 2483 1768 2509 iginus
1786 2485 1804 2503 ‘1'

268 2528 367 2551 20—37
387 2536 430 2558 per
449 2536 472 2551 se
492 2530 605 2558 lcyuntur
625 2531 650 2551 in
669 2529 728 2551 libro
747 2530 832 2552 Sancti
855 2530 982 2551 ‹1¹‹1ll2'454
1002 2536 1021 2551 a.
1038 2529 1059 2550 X
1078 2528 1097 2556 f.
1115 2530 1165 2551 355
1179 2536 1197 2551 ε,
1214 2538 1245 2548 =
1263 2530 1283 2549 (ι’
1306 2529 1341 2557 (αι’
1361 2534 1407 2556 quo
1427 2527 1561 2554 descriptus
1580 2528 1612 2547 est
1632 2526 1658 2548 S.
1677 2527 1739 2547 (foll.
1756 2527 1806 2547 (1¹20

181 2572 271 2602 3..ᾹἸΙ
284 2570 305 2600 f.
323 2574 364 2599 11])
378 2572 487 2601 praefixo
502 2573 572 2594 titulo
586 2572 642 2594 hoc:
663 2573 700 2594 De
720 2573 880 2595 institutione
899 2573 1052 2600 rogationum
1072 2575 1128 2594 ante
1148 2572 1317 2594 ascensionem
1336 2570 1429 2592 domini
1444 2568 1646 2591 celebrandarum
1664 2568 1749 2596 (ruba,
1766 2569 1806 2590 lit-

181 2615 236 2636 teris
250 2614 352 2643 unciat.)
372 2614 478 2637 Sanctus
493 2616 585 2638 Auitus
600 2615 754 2637 Viennensis
767 2616 899 2644 episeopus
913 2616 989 2637 refert
1003 2615 1027 2638 in
1042 2615 1146 2644 quadam
1161 2617 1204 2637 etc.
1223 2614 1242 2636 G
1331 2613 1361 2635 21)
1381 2612 1467 2634 omelia
1490 2613 1510 2633 (τ’
1598 2610 1629 2633 255
1650 2610 1730 2641 motuf
1747 2611 1802 2637 (lili.

181 2658 259 2688 crasa)
279 2659 299 2680 (ι’
404 2659 529 2687 frequenti
548 2660 567 2679 (ι’
673 2657 704 2680 25
725 2658 889 2681 solemnitatis
907 2660 927 2680 (τ’
1032 2658 1063 2680 2ss
1083 2656 1133 2689 hic]
1153 2657 1177 2679 hi
1195 2657 1285 2685 (eudem
1298 2664 1330 2678 m.
1344 2657 1397 2684 post
1410 2654 1479 2681 add.)
1499 2654 1518 2675 (τ’
1619 2653 1801 2675 solemnitates:

181 2708 206 2723 es
221 2701 280 2723 inis
295 2701 327 2724 al.
342 2707 403 2723 corr.
420 2701 440 2722 G
545 2701 576 2724 27
597 2702 684 2723 darent
700 2701 719 2723 G
814 2702 839 2723 in
859 2708 905 2724 om.
925 2701 944 2723 (γ’
1034 2701 1154 2723 solemnia
1171 2702 1190 2721 (γ’
1295 2700 1327 2721 :io
1346 2699 1491 2727 deprecatur
1507 2698 1527 2718 (γ’
1633 2696 1659 2718 31
1684 2696 1768 2723 inclyti
1787 2698 1806 2716 (ι’

182 2743 212 2767 32
233 2745 410 2773 pertinentium
428 2747 447 2765 (ι’
545 2745 761 2774 appropinquante
778 2745 797 2765 (ι’
903 2744 934 2767 33
954 2744 1059 2773 populns
1077 2746 1096 2766 (ἐ
1196 2740 1299 2773 edendi]
1318 2741 1415 2770 legendi
1430 2742 1493 2763 coni.
1512 2739 1597 2761 Freher
1703 2738 1733 2760 :55
1753 2740 1807 2768 ρης

181 2787 273 2817 letania
292 2794 371 2816 usque
395 2788 415 2808 (τ’
522 2788 554 2809 311·
574 2785 679 2819 Christi]
698 2787 737 2809 dei
760 2789 779 2808 (ι’
885 2787 1021 2810 celebratur
1043 2789 1063 2809 (ι’
1083 2790 1103 2809 et
1122 2788 1156 2809 sic
1177 2787 1248 2814 11111110
