2064 2973
259 128 298 155 So
1014 124 1121 150 AVITI

259 230 351 259 quam
384 230 443 258 ego
474 229 637 251 censcam.
674 219 756 258 quod
782 222 851 259 post
874 229 1105 259 quamcumque
1128 219 1322 250 uutationem
1347 220 1450 258 gratia
1473 219 1582 250 talium
1608 230 1812 260 personarum
1837 220 1880 251 ita

260 271 328 301 sine
352 274 522 309 aug-mento
547 281 606 300 uon
633 269 788 308 redditur,
818 270 899 301 sicut
922 270 990 301 siue
1014 270 1153 311 periculo
1177 281 1238 301 non
1262 270 1377 302 tinitur.
1427 271 1543 301 Volunt
1565 271 1648 301 enim
1673 270 1763 311 quasi
1787 271 1881 301 satis—

261 322 364 353 t'acerc
389 321 589 352 innocentiae
614 321 802 356 lacessitae,
830 325 958 361 tumque
982 321 1118 362 erigunt,
1146 322 1321 353 credidisse
1346 332 1415 353 eum
1441 326 1587 354 cernunt.
1615 326 1646 353 et
1668 323 1713 353 sie
1737 322 1782 353 eis
1807 332 1880 353 con-

260 373 393 404 scicntia
418 376 524 403 nostra
547 372 673 408 suflicit,
703 372 730 402 si
754 372 887 403 scientia
911 382 969 403 sua
992 373 1083 403 testis
1106 373 1239 404 accedit.
1285 373 1352 413 Ego
1376 376 1482 404 tamen
1506 373 1615 404 nuntio
1639 377 1762 405 vestrae
1786 373 1880 404 immo

260 427 384 455 nostrae
410 423 590 454 securitatis
615 427 764 464 accepto,
800 433 872 455 ecce
896 423 955 455 deo
979 427 1058 455 teste
1083 424 1208 464 loquor,
1242 424 1275 455 in
1299 424 1448 455 lacrimas
1471 425 1587 455 mixtas
1610 425 1732 455 laet-itia
1755 428 1880 465 praete-
1902 438 1914 454 5.

259 475 386 505 ritorum
412 474 627 505 recordatione
651 475 790 515 prorupi.
839 475 952 506 Animo
976 485 1129 515 namque,
1159 479 1191 506 ut
1213 475 1258 506 ait
1281 479 1386 507 vcster
1408 479 1520 516 poeta,
1549 476 1681 507 subiit
1704 476 1787 507 cari
1811 486 1881 516 ge-

259 525 407 557 nitoris
442 525 591 565 imago,
633 529 665 556 ut
698 526 850 557 memoria
884 527 1053 557 retractari
1089 536 1189 566 usque
1223 527 1264 557 ad
1299 530 1422 558 nostras
1457 527 1629 566 quamlibet
1658 527 1779 567 dispari
1808 537 1879 567 pro-

259 577 395 608 fessione
420 586 572 618 personas
597 577 756 617 quandam
781 581 947 618 parentum
972 579 1181 609 communium
1207 582 1339 617 sortem,
1374 578 1567 619 parilitatem
1592 578 1736 608 laborum
1760 578 1881 609 invidia

257 631 428 667 sequente,
464 628 604 668 perduci.
654 629 714 660 Illa
744 632 850 660 tamen
882 629 912 660 iu
944 629 994 660 dei
1027 629 1152 660 nomine
1186 630 1281 661 etiam
1306 630 1397 660 nobis
1422 629 1577 670 suppetit,
1611 640 1692 668 quac
1716 629 1781 660 illis
1805 640 1879 660 con—

259 679 371 710 solatio
403 679 480 710 fuit:
518 680 602 719 quod
634 683 697 711 toto
729 681 925 711 aemulorum
957 681 1044 719 nisu,
1083 684 1148 712 toto
1183 681 1448 712 circumlatrantis
1479 680 1615 720 undique
1647 681 1755 711 livoris
1785 681 1880 712 deute

256 734 428 772 temptata,
463 731 743 771 quotienscumque
772 732 882 773 appeti
906 732 975 763 visa
999 736 1064 764 est.
1098 733 1309 764 criminationi
1334 733 1491 764 subiacuit
1515 732 1636 763 familia
1659 736 1783 770 nostra,
1818 742 1879 763 non

257 782 391 813 crimini.
433 782 599 821 Quoniam,
627 783 726 814 sivos
743 794 762 814 a
785 787 873 824 patre
897 788 1002 815 vestro
1026 784 1085 815 hoc
1108 784 1263 816 didicistis
1287 784 1414 815 virum
1439 785 1604 815 saeculo
1629 784 1877 815 militantem

258 834 387 865 minus
418 834 526 865 inter
554 845 664 865 arma
693 845 809 875 quam
838 835 949 867 inter
979 836 1175 876 obloquia
1205 836 1464 876 periclitari,
1499 836 1679 876 exemplum
1708 846 1727 866 a
1750 835 1880 866 Sidonio

256 895 341 922 meo,
369 894 461 925 quem
486 889 607 926 patrem
633 896 745 917 vocare
769 897 831 917 non
855 886 974 924 audeo,
1002 890 1153 926 quantum
1177 887 1312 918 clericus
1336 887 1458 928 perpeti
1481 887 1591 927 possit,
1618 886 1761 918 adsumo.
1810 886 1878 924 Quo

256 937 339 967 circa
362 936 443 967 illud
466 936 617 967 divinitas
640 937 772 976 tribuat,
807 941 840 968 ut
867 938 958 969 nobis
990 948 1083 977 quam
1115 948 1229 969 novum
1253 949 1315 969 non
1340 942 1387 969 cst
1409 939 1488 970 talia
1511 939 1611 975 011101,
1645 942 1708 969 tam
1733 948 1790 969 nos
1814 938 1880 969 ulla
1918 952 1929 967 5-

257 988 380 1018 novitas
412 988 538 1019 meritos
568 988 665 1019 faciat
693 989 847 1020 accusari.
900 989 963 1021 s‘ed
995 989 1152 1021 desistant
1181 1000 1263 1021 nunc
1293 990 1436 1021 laetitiae
1466 993 1606 1030 tempore
1636 989 1875 1022 amaritudines,

256 1050 294 1069 ex
318 1039 552 1080 opportunitate
577 1049 678 1071 sermo
702 1040 903 1081 perstrictus:
936 1041 1011 1080 quin
1037 1041 1143 1082 potius
1167 1041 1272 1082 inepte
1297 1041 1429 1072 iocantis
1453 1041 1600 1079 audacia⁷
1628 1041 1711 1072 unde
1734 1040 1876 1072 rideatis.

256 1091 416 1122 exhibeat.
465 1092 545 1122 Ante
576 1091 697 1131 aliquot
727 1102 853 1123 menses
878 1091 970 1123 datas
994 1092 1035 1123 ad
1058 1092 1195 1123 amicum
1220 1092 1378 1132 quendam
1403 1103 1599 1123 communem
1625 1092 1879 1132 magnificentiae

257 1146 380 1173 vestrae
404 1142 525 1173 litteras
550 1142 630 1177 vidi,
666 1143 782 1182 quibus
807 1143 997 1175 salutatione
1022 1144 1168 1184 praefata
1192 1144 1223 1174 111
1248 1144 1406 1185 epistulae
1430 1143 1639 1175 declamantis
1664 1146 1751 1184 parte
1775 1143 1878 1174 succi-

255 1193 319 1224 dua
343 1193 529 1224 scribebatis
553 1194 712 1234 placuisse
737 1194 827 1225 vobis
851 1195 994 1233 libellos,
1028 1205 1106 1234 quos
1130 1195 1212 1226 inter
1235 1195 1455 1236 occupationes
1480 1195 1564 1226 seria
1587 1198 1618 1226 et
1641 1195 1745 1235 magis
1768 1204 1878 1226 neces-

256 1244 342 1276 saria
365 1244 585 1276 conscribendi
609 1245 815 1277 nihilominus
839 1250 945 1278 tamen
969 1246 1008 1277 de
1033 1246 1187 1287 spiritalis
1213 1246 1362 1278 historiae
1386 1247 1485 1286 gestis
1509 1247 1604 1277 01111111
1629 1247 1699 1286 lege
1724 1246 1879 1287 poematis

256 1296 328 1327 lusi.
378 1297 436 1327 Hic
466 1307 549 1328 nunc
578 1297 656 1328 nihil
688 1297 788 1337 falso,
822 1298 900 1329 nihil
933 1298 1148 1330 adsentatorie
1172 1309 1222 1330 nie
1246 1298 1331 1339 loqui
1356 1309 1461 1329 coram
1486 1298 1667 1329 sinceritate
1692 1301 1798 1329 vestra
1820 1298 1880 1328 im—

256 1358 366 1388 precor
389 1351 501 1379 testem
525 1348 634 1385 deum,
674 1352 795 1380 tantum
821 1360 870 1381 me
894 1352 948 1380 tuo
970 1350 1087 1381 iudicio
1112 1350 1323 1389 delectatum,
1358 1350 1457 1381 veluti
1481 1350 1507 1381 si
1531 1350 1662 1381 auribus
1686 1349 1792 1380 domni
1816 1349 1877 1381 mei

256 1399 354 1440 patris
384 1399 429 1430 tui
462 1399 614 1431 meditata
644 1400 812 1432 confessus
836 1401 1062 1442 cuiuscumque
1087 1402 1190 1433 laudis
1214 1401 1381 1433 momentis
1405 1412 1442 1433 eo
1466 1411 1595 1433 censore
1619 1401 1763 1432 donarer.
1812 1400 1879 1431 I'ri—

256 1461 340 1481 mum
371 1461 509 1490 namque
539 1451 738 1491 gaudebam,
774 1452 857 1492 quod
889 1462 1016 1484 sensum
1047 1457 1187 1484 vestrum
1219 1453 1269 1484 hie
1297 1453 1428 1485 liberius
1452 1464 1544 1493 quam
1570 1453 1645 1484 alibi
1670 1452 1875 1493 pendebatis;
1920 1466 1929 1482 a

256 1501 372 1533 deinde
401 1501 486 1541 quod
516 1502 631 1542 agnovi
661 1513 717 1534 vos
747 1503 876 1543 aliquod
908 1504 1024 1535 1101111111
1055 1504 1094 1535 de
1126 1508 1239 1536 conatu
1271 1504 1402 1536 fraterni
1433 1504 1537 1545 operis
1568 1515 1630 1535 11011
1655 1504 1757 1534 minus
1782 1504 1876 1543 velle,

256 1563 350 1592 quam
384 1553 528 1584 credere:
565 1557 648 1585 certe
678 1555 785 1586 metris
816 1555 1028 1586 distinctionis
1060 1566 1120 1587 non
1151 1560 1287 1596 quantae
1318 1556 1474 1587 volebatis
1504 1556 1643 1587 inventis
1674 1555 1879 1596 suppeditare

257 1614 312 1635 vos
336 1607 423 1639 voto,
456 1604 539 1644 quod
571 1615 632 1636 non
663 1606 815 1646 poteratis
846 1607 980 1647 implere
1008 1607 1137 1638 iudicio.
1187 1608 1344 1639 Libellum
1369 1611 1474 1638 tamen
1498 1607 1636 1639 amicus.
1669 1607 1723 1647 qui
1748 1610 1781 1638 ut
1803 1610 1879 1647 puto

256 1655 296 1687 ad
328 1665 383 1687 vos
411 1657 575 1697 pervenire
606 1657 696 1696 fecit,
731 1668 792 1688 non
821 1658 859 1689 de
891 1658 1029 1689 librariis
1061 1659 1118 1690 sed
1148 1659 1253 1690 adhuc
1284 1670 1323 1690 ex
1354 1658 1468 1690 notarii
1500 1669 1593 1689 manu
1626 1658 1706 1689 adeo
1730 1658 1807 1689 mihi
1830 1658 1878 1688 in-

256 1707 459 1739 emendatum
490 1708 684 1748 crudumque
716 1709 905 1750 praeripuit.
941 1714 974 1741 ut
1002 1721 1063 1741 11011
1088 1711 1183 1742 facile
1207 1711 1355 1749 ‹lenotes,
1388 1710 1526 1741 auctoris
1550 1710 1652 1750 magis
1677 1709 1879 1750 scriptorisne

256 1759 339 1789 vitiis
369 1759 528 1790 irascaris
577 1760 647 1797 Qua
677 1764 804 1801 propter
833 1761 1019 1802 opusculum
1043 1761 1146 1803 ipsum
1170 1762 1201 1793 in
1226 1762 1427 1793 membranas
1450 1761 1613 1793 redactum
1638 1765 1668 1792 01
1691 1760 1793 1792 adhuc
1817 1771 1877 1791 non

256 1813 375 1850 quanta
398 1811 560 1842 volueram
586 1812 778 1843 correctione
803 1812 947 1853 politum,
975 1823 1013 1844 ne
1038 1824 1158 1849 moram
1183 1813 1341 1844 desiderio
1366 1817 1418 1844 tuo
1443 1814 1591 1851 facerem,
1620 1812 1765 1844 celeriter
1780 1812 1877 1843 desti-

256 1861 340 1892 navi.
382 1862 416 1892 Si
441 1872 552 1893 revera
575 1872 636 1893 non
661 1863 761 1893 solum
785 1863 976 1895 amantibus.
1005 1864 1062 1896 sed
1086 1868 1117 1895 et
1142 1863 1355 1895 iudicantibus
1379 1865 1468 1895 vobis
1486 1865 1599 1905 placet.
1628 1864 1775 1903 quoniam
1792 1863 1876 1904 apud

255 1916 423 1944 extraneos
448 1912 525 1944 forte
550 1924 612 1944 non
636 1913 747 1953 deerit,
775 1925 867 1954 quem
892 1915 1024 1946 audacis
1049 1919 1179 1947 conatus
1200 1919 1311 1956 tangat
1326 1915 1460 1949 1111111111,
1488 1915 1615 1946 abunde
1634 1915 1709 1945 mihi
1727 1914 1871 1945 sufficiet.

256 1968 290 1996 ut
314 1974 379 2003 vos,
407 1963 490 2004 1111011
515 1965 616 2005 cupio,
645 1966 802 1997 sentiatis.
850 1966 933 2004 Quia
957 1967 1038 1998 sicut
1060 1978 1122 1998 non
1146 1967 1249 1998 minus
1272 1967 1312 1998 ad
1337 1978 1439 1999 meam
1463 1977 1557 2007 quam
1582 1970 1717 1998 vcstram
1742 1966 1874 2007 gloriam
1897 1981 1926 1997 :5

343 2076 357 2099 6
377 2074 462 2107 Verg.
483 2074 554 2101 Aen.
576 2075 603 2101 II
623 2076 681 2102 560.

345 2239 353 2262 1
376 2240 529 2262 uutationem
549 2241 626 2267 gratia
645 2240 671 2268 S,
693 2240 847 2262 uotacionum
868 2241 970 2267 gratiam
990 2241 1010 2262 L
1116 2240 1129 2263 2
1150 2242 1264 2263 reddetur
1285 2242 1302 2263 L
1409 2242 1422 2263 C}
1442 2243 1541 2268 erigunt
1560 2243 1642 2270 srripsi
1664 2243 1706 2270 [es.
1720 2251 1746 2271 p,
1765 2244 1802 2266 7⁶.
1818 2244 1874 2271 311),

254 2283 351 2311 eligunt
371 2282 410 2304 LS
515 2283 529 2305 5
549 2281 702 2314 securitatis]
720 2286 774 2311 post
793 2283 813 2305 h.
836 2292 858 2306 n.
875 2284 971 2312 emporia
991 2286 1056 2313 quot.
1076 2291 1138 2312 Α»,
1161 2286 1245 2313 ineipit
1265 2287 1330 2313 quat,
1350 2291 1415 2306 -xx1·
1438 2285 1456 2306 L
1562 2285 1659 2307 laeticia
1680 2286 1707 2313 L,
1729 2286 1839 2308 laetitiae
1859 2286 1877 2307 S

254 2351 269 2373 6
288 2352 399 2373 animum
419 2350 437 2372 S
553 2351 566 2374 S
588 2352 710 2380 parilitate
729 2350 747 2371 S
860 2352 874 2373 9
895 2355 1015 2381 sequente
1035 2354 1129 2382 scripsi,
1151 2356 1291 2382 exequente
1312 2352 1352 2375 LS
1468 2352 1496 2375 lo
1517 2354 1581 2379 nisu,
1604 2356 1654 2375 toto
1674 2353 1698 2379 S.
1720 2332 1735 2376 11
1755 2357 1834 2376 totum
1855 2354 1875 2377 L

258 2393 286 2416 12
307 2394 349 2416 hoc
371 2394 400 2419 L,
423 2394 542 2416 Archadio
562 2393 579 2415 S
693 2401 778 2416 11011101
800 2395 819 2416 L
939 2395 967 2418 13
988 2396 1129 2424 exemplum
1151 2396 1273 2418 assidouio
1295 2395 1324 2425 L,
1346 2403 1390 2418 001·
1410 2403 1453 2425 wgo
1472 2403 1559 2426 parum
1579 2397 1688 2426 exempli
1707 2405 1720 2419 a
1739 2397 1839 2420 sidonio
1858 2398 1876 2420 S

258 2461 285 2484 14
305 2440 383 2491 perpeti
405 2462 423 2484 L
528 2469 626 2484 assumo
646 2462 665 2484 Ι,
774 2462 803 2485 15
823 2463 874 2485 ulla
893 2463 921 2488 L.
945 2464 1012 2485 nulla
1032 2463 1050 2485 S
1164 2463 1193 2486 lo
1213 2465 1311 2487 meritos
1330 2466 1422 2493 scrip-«i,
1444 2466 1532 2487 merito
1552 2465 1576 2491 S,
1599 2468 1689 2493 mestos
1709 2465 1728 2487 L
1833 2466 1875 2488 de-

254 2506 324 2527 sistat
345 2504 362 2526 S
466 2505 639 2527 amaritudinis
659 2504 676 2527 S
794 2505 822 2527 17
843 2507 1010 2535 oportunitate
1030 2507 1051 2529 L
1166 2507 1245 2535 inepti
1266 2508 1368 2529 iovantis
1388 2508 1489 2530 audacia
1508 2508 1537 2536 L,
1560 2509 1645 2537 inepte
1665 2510 1758 2536 svripsi,
1780 2509 1874 2537 ineptia

255 2548 367 2570 nacautis
386 2547 503 2570 audaciae
523 2547 540 2570 S
648 2547 676 2570 1⁴.)
696 2548 862 2570 declamantes
882 2548 898 2570 S
1005 2548 1032 2571 21
1056 2550 1142 2578 spitali
1166 2549 1183 2571 Ι,
1289 2550 1319 2573 22
1340 2551 1496 2581 adsenatoriq
1512 2551 1531 2573 L
1636 2551 1666 2573 24
1688 2552 1805 2573 confusus
1820 2551 1839 2573 L

255 2591 372 2614 momenti
393 2597 418 2612 se
438 2597 465 2612 00
485 2597 585 2613 censore
604 2591 632 2615 L,
655 2593 747 2613 vorren
767 2595 889 2613 momento
909 2593 953 2613 snb
973 2599 1071 2615 censore
1092 2592 1109 2614 S
1240 2592 1271 2615 25
1291 2593 1330 2615 hie
1349 2594 1452 2616 liberius
1472 2601 1544 2623 qnam
1565 2594 1623 2616 alibi
1646 2594 1674 2617 L.
1697 2594 1753 2616 huic
1773 2595 1875 2616 liberius

254 2640 327 2661 quam
347 2633 417 2655 alteri
436 2632 454 2655 S
567 2634 713 2662 pandebatis
732 2634 750 2657 S
872 2634 901 2657 27
923 2635 1008 2657 metris
1028 2635 1196 2657 distinctionis
1216 2636 1246 2663 L,
1269 2637 1364 2659 meritis
1383 2636 1500 2659 dictionis
1520 2636 1537 2658 S
1653 2640 1760 2666 quantae
1779 2639 1873 2666 scripsi,

254 2679 375 2704 quantum
395 2675 435 2697 LS
551 2677 710 2706 suppeditare
729 2678 821 2705 scripsi,
843 2678 983 2706 supplicare
1004 2678 1031 2706 L,
1054 2678 1169 2707 supplere
1190 2678 1207 2697 S
1328 2680 1360 2701 29
1379 2680 1473 2701 librarii
1493 2679 1510 2701 S
1632 2680 1663 2702 :jo
1683 2680 1839 2708 scriptorisue
1859 2679 1876 2701 S

254 2717 282 2739 :51
306 2719 329 2739 in
350 2718 499 2740 membranis
520 2718 537 2740 S
653 2722 677 2741 et
696 2719 776 2741 adhuc
795 2726 843 2742 non
866 2719 892 2743 L.
916 2726 960 2742 nee
979 2720 1056 2742 adhue
1076 2720 1094 2739 S
1207 2720 1237 2743 32
1258 2724 1299 2743 tuo
1319 2721 1348 2750 L,
1371 2728 1423 2743 meo
1443 2722 1461 2743 S
1566 2722 1594 2745 5⁴4
1617 2723 1728 2744 audacis:
1752 2723 1758 2745 i
1780 2724 1803 2745 iv
1823 2730 1870 2745 ms.

253 2760 300 2782 litt.
323 2767 335 2781 0
355 2763 381 2782 ut
402 2760 462 2786 vid,
484 2760 525 2782 secl
542 2769 581 2790 pr.
602 2770 634 2785 m.
657 2762 677 2784 L
782 2763 891 2785 sufficiet
910 2765 935 2784 ut
955 2762 1015 2787 rid..
1039 2766 1063 2785 et
1082 2770 1110 2784 el
1130 2767 1137 2785 t
1157 2770 1217 2785 corr.
1242 2763 1269 2793 L,
1293 2764 1386 2786 sufficit
1407 2764 1423 2783 S

1904 693 1930 712 lt)

1900 1208 1929 1226 20

1901 1724 1930 1740 :to
