2064 2973
88 1064 230 1087 LXXXXV

176 1100 226 1127 (³⁵3

75 1781 230 1804 Lxxxxw

180 1816 217 1837 ,κη

251 131 263 159 1
271 131 309 160 02
1004 127 1113 154 AVITI

248 224 360 255 vestri.
393 224 507 264 quibus
538 233 621 254 nova
652 223 815 263 profertis:
851 226 961 263 optant
990 222 1182 254 custodiam.
1217 221 1331 262 quibus
1361 224 1514 252 consueta
1545 220 1690 252 servatis.
1738 219 1792 251 Sic
1818 219 1863 261 pii

249 275 462 307 moderamine
485 274 694 315 gubernaculi
717 273 858 305 remedia
882 273 1010 313 quidem
1033 274 1135 305 altera
1158 271 1362 313 conquisivit}⁷
1391 272 1451 303 etsi
1473 272 1632 313 repulsam
1655 275 1768 303 neutra
1790 281 1866 312 pars

248 327 386 368 pertulit.
434 326 520 357 Inter
542 326 600 356 hos
623 329 729 357 tamen
752 325 946 366 peculiarius
968 325 1049 359 illud
1073 335 1132 365 ego
1156 324 1274 361 debeo,
1311 323 1395 364 quod
1416 323 1512 354 huius
1535 323 1696 364 petitionis
1719 322 1866 354 effectum

249 378 407 419 respectui
438 387 507 409 meo
537 377 723 418 praestitum
753 377 953 418 duplicantes
984 380 1136 417 quantum
1168 375 1323 416 peculiari
1352 385 1443 406 servo
1478 374 1712 416 impenderitis
1730 373 1862 414 gratiae.

247 429 347 469 gratis
371 428 562 470 praestando
586 429 802 460 monstrastis:
831 428 997 468 solumque
1013 428 1051 459 ob
1068 427 1127 459 hoc
1145 427 1343 459 commodum
1359 427 1392 457 in
1411 426 1570 458 thesauris
1585 425 1699 458 vestris
1719 424 1866 457 mercede
1887 435 1899 453 5

247 480 388 520 reposita
420 479 503 519 quod
533 480 728 520 pauperibus
752 479 936 511 donabatis.
972 489 1034 510 non
1057 479 1159 520 pretio
1182 478 1328 510 voluistis
1352 480 1512 517 constare⁷
1548 477 1605 509 sed
1627 477 1779 518 praemio.
1826 476 1867 507 Et

248 532 305 563 hoc
336 531 440 572 ipsum
471 541 533 570 qua
557 531 716 571 elegantia
743 530 839 571 digne
862 534 1066 561 memoretur:
1102 529 1250 568 reddere.
1285 528 1368 570 quod
1391 539 1410 560 a
1434 528 1563 560 famulis
1586 529 1725 559 oblatum
1749 527 1862 567 fuerat,

246 593 343 623 quam
367 592 516 623 spernere
541 582 699 614 maluistis
723 587 753 614 et
776 592 837 622 quo
861 582 976 613 laetius
1000 582 1088 613 fieret
1112 581 1244 613 donum.
1281 581 1465 612 contristare
1496 579 1642 611 noluistis
1666 579 1862 619 obsequium.

246 634 288 666 Et
311 634 402 665 licet.
435 633 589 674 quidquid
612 633 654 664 ad
678 643 789 664 manus
813 638 934 664 vestras
958 633 1118 674 pervenit.
1146 636 1296 673 vergatur
1317 632 1350 663 in
1373 641 1531 673 pauperes
1554 636 1649 671 atque
1671 630 1788 662 idcirco
1810 631 1867 662 ille

247 695 302 717 vos
326 685 459 716 forsitan
483 685 666 716 deholtetur
688 685 850 726 accipere,
877 685 931 725 qui
954 684 1074 716 invidet
1097 694 1242 725 erogare:
1279 683 1515 715 subministrate
1539 687 1647 715 tamen
1669 682 1867 714 retributioni
1888 692 1916 711 10

247 737 390 768 divinae.
420 736 503 768 unde
527 740 557 768 et
581 736 792 777 dispensetis.
820 747 890 768 cum
914 740 1010 777 egent
1032 736 1160 777 inopes7
1190 739 1221 767 et
1244 735 1442 774 concedatis,
1479 745 1549 766 cum
1573 734 1753 775 supplicant
1776 733 1867 765 debi-
1922 732 1924 734 ’

246 793 340 820 tores.
389 788 511 820 Currite
542 792 735 829 quapropter
765 788 901 829 piissimi
929 788 981 819 via
1009 788 1151 828 genuina
1181 787 1277 819 vestri
1301 787 1403 828 operis
1426 786 1558 818 unitate.
1606 786 1803 826 Numquam,
1839 785 1866 816 si

247 840 390 876 creditis.
427 840 619 871 sufficientia
643 840 743 872 deerit
765 840 870 871 animo
893 839 962 871 tali.
1010 839 1082 880 Ipso
1106 839 1350 880 possibilitatem
1373 838 1529 878 largiente
1559 837 1644 869 unde
1674 839 1862 878 praestetur,

246 892 382 925 habetis.
409 902 428 923 a
451 902 512 932 quo
535 892 691 923 voluntati
715 891 855 923 infusum
878 895 935 923 est.
963 901 1003 922 ne
1026 891 1150 931 aliquid
1172 900 1291 931 negare
1314 890 1453 931 possitis.

335 1089 447 1121 Avitus
472 1089 640 1130 episcopus
664 1089 730 1120 viro
752 1089 969 1121 illustrissimo
992 1089 1150 1120 Heraclio.
1889 1096 1917 1115 ιδ

334 1141 405 1172 Nisi
429 1140 602 1172 dolendum
626 1141 720 1172 amici
745 1150 853 1172 casum
876 1140 981 1172 animo
1005 1150 1176 1172 concussus
1199 1149 1377 1180 gemerem.
1405 1139 1505 1169 multa
1528 1138 1668 1179 profecto
1692 1147 1869 1178 exaggera-

248 1203 331 1224 rem.
366 1192 450 1232 quod
473 1202 529 1223 vos
553 1192 584 1223 in
608 1193 724 1223 lectulo
748 1192 910 1224 mendacis
935 1192 1094 1233 podagrae
1117 1196 1219 1222 metu.
1253 1191 1368 1222 medici
1396 1194 1527 1230 vegetos
1550 1189 1590 1221 de
1611 1193 1679 1221 arte
1703 1192 1864 1227 consueta,

248 1244 320 1285 plus
344 1254 437 1284 quam
460 1244 605 1285 poeticae
630 1244 765 1284 pedibus
799 1244 971 1275 innitentes
1005 1243 1156 1275 montium
1192 1242 1443 1274 scandendorum
1478 1241 1582 1282 magis
1620 1245 1747 1272 moveat
1780 1251 1865 1279 cura,

247 1306 343 1336 quam
375 1305 533 1327 versuum.
590 1295 730 1327 Maestus
764 1305 839 1327 vero
873 1295 933 1327 has
964 1300 995 1327 et
1025 1305 1095 1326 cum
1126 1294 1329 1326 festinatione
1361 1293 1494 1326 dictavi.
1535 1296 1684 1325 evocatus
1720 1292 1871 1324 videlicet

248 1347 290 1378 ad
324 1347 520 1388 sepulturam
556 1347 729 1378 communis
764 1347 820 1378 filii
854 1347 1013 1387 quondam
1043 1346 1187 1378 Protadi:
1228 1346 1273 1377 sic
1306 1349 1413 1377 tamen
1446 1345 1499 1376 vel
1533 1344 1565 1375 in
1598 1344 1657 1376 hoc
1686 1344 1756 1385 ipso
1787 1343 1870 1385 patri
1890 1353 1919 1373 20

248 1398 369 1438 aliquid
393 1399 616 1430 consolationis
640 1399 815 1440 impendat.
864 1398 961 1429 Vobis
984 1409 1075 1439 porro
1099 1398 1126 1429 si
1150 1397 1237 1429 cordi
1260 1401 1324 1431 est.
1358 1396 1443 1428 facta
1466 1396 1505 1428 de
1528 1396 1620 1428 nobis
1644 1405 1684 1427 ex
1707 1405 1780 1427 asse
1802 1395 1870 1426 iac-

248 1454 327 1482 tura.
356 1450 396 1481 ab
420 1450 600 1481 incursibus
624 1450 835 1482 formidandis
852 1450 982 1481 Rodano
1006 1450 1161 1481 limitante
1185 1449 1309 1488 muniri.
1337 1452 1441 1480 tenete
1465 1448 1579 1484 adhue.
1608 1447 1681 1478 dum
1705 1446 1812 1485 redeo,
1839 1450 1871 1478 et

250 1502 411 1533 Ceratium
436 1506 576 1533 nostrum
602 1502 641 1533 de
665 1512 734 1533 meo
760 1502 930 1533 habentem
954 1501 1071 1542 aliqua.
1100 1501 1138 1533 de
1157 1504 1261 1532 vestro
1284 1500 1446 1539 nonnulla.
1474 1500 1547 1540 quia
1571 1509 1621 1530 me
1644 1498 1869 1530 scholasticum

250 1553 340 1584 vobis
364 1554 484 1585 adserit
508 1554 695 1585 bellicosum
720 1564 848 1585 sumens
873 1553 912 1585 de
936 1553 1044 1584 matris
1068 1552 1242 1594 sapientia.
1270 1552 1354 1593 quod
1378 1552 1512 1583 libenter
1535 1551 1687 1582 barbaros
1711 1550 1802 1590 fugit,
1830 1549 1869 1581 de

250 1605 365 1636 virtute
390 1609 532 1646 paterna.
562 1605 647 1645 quod
671 1605 784 1637 litteris
808 1609 898 1646 terga
922 1615 984 1636 non
1008 1604 1165 1645 praebuit
1889 1611 1919 1631 25

336 1802 502 1834 Heraclius
526 1802 618 1833 Avito
642 1803 814 1833 Viennensi
837 1802 997 1843 episcopo.
1866 1798 2055 1849 Dgssgfjjfflxxx

337 1854 506 1884 Indicastis
538 1854 665 1893 quidem
689 1858 809 1885 tantam
834 1853 951 1884 doloris
974 1863 1121 1884 causam.
1155 1863 1237 1893 quae
1269 1852 1452 1893 epistularis
1481 1852 1576 1883 ot'ticii
1607 1861 1759 1892 responso
1783 1851 1871 1882 clau-

251 1906 394 1937 deretur.
430 1909 463 1936 ut
487 1905 655 1936 durissimo
680 1906 788 1936 nuntio
811 1906 926 1936 vulnus
950 1904 1104 1936 inflictum
1136 1905 1208 1945 plus
1237 1914 1287 1936 me
1318 1903 1456 1935 lacrimis
1487 1907 1612 1943 cogeret
1635 1903 1753 1934 servire
1777 1913 1870 1943 quan]

252 1959 377 1990 litteris.
426 1959 547 1989 Tamen
578 1961 723 1988 metuens
754 1957 873 1988 silentii
903 1957 1029 1997 culpam
1060 1957 1110 1987 vel
1141 1956 1286 1997 suspiriis
1317 1966 1418 1996 pauca
1449 1955 1545 1986 meis.
1581 1958 1613 1985 ut
1637 1955 1740 1995 potui.
1774 1955 1872 1986 rerba

253 2011 375 2042 furatus
407 2020 487 2040 sum.
536 2009 674 2040 Probant
703 2008 799 2049 igitur
822 2013 981 2050 tempora.
1015 2008 1065 2039 cui
1094 2007 1209 2039 rectius
1232 2007 1432 2038 adscribatur
1454 2010 1527 2037 nota
1551 2005 1744 2045 formidinis.
1779 2016 1872 2046 quem
1893 2014 1915 2033 31

342 2149 355 2171 5
377 2148 413 2171 De
431 2147 511 2171 dubiis
529 2147 667 2170 nominibus
685 2154 710 2176 p.
728 2148 784 2175 584,
804 2149 833 2169 16
848 2147 896 2169 K.:
918 2147 1022 2169 Avitus:
1045 2146 1155 2169 mercede
1174 2146 1288 2176 reposita.

340 2278 354 2301 —i
374 2278 530 2308 duplicantes
548 2278 640 2305 scripsi.
664 2276 830 2305 supplicantes
851 2276 868 2297 S
998 2275 1012 2298 5
1031 2276 1109 2298 solum
1128 2276 1220 2304 scripsi,
1242 2275 1292 2297 sola
1311 2274 1328 2296 S
1450 2273 1461 2296 7
1484 2277 1632 2296 memoretur
1650 2276 1745 2303 scripsi,
1767 2277 1873 2297 meretur

260 2323 377 2345 ‘asterisco
396 2323 421 2343 in
440 2327 517 2348 mar-y.
539 2319 605 2348 mich}
629 2319 647 2341 S
751 2322 765 2341 5
786 2319 900 2341 noluistis
920 2320 1012 2348 scripsi,
1034 2319 1149 2341 uoluistis
1169 2318 1186 2339 S
1296 2317 1327 2340 10
1346 2318 1518 2340 retributionis
1537 2317 1564 2345 S,
1584 2318 1676 2339 correxi
1782 2316 1811 2340 12
1830 2324 1872 2345 ge-

255 2366 333 2388 nuina
350 2365 443 2393 scripsi.
465 2364 562 2392 gemina
581 2363 599 2386 S

342 2433 496 2456 LXXXXV:
519 2431 551 2455 83
571 2431 639 2461 Epl⁴a
657 2431 684 2453 bi
704 2431 767 2453 auiti
787 2430 827 2460 epi
846 2431 875 2453 ad
895 2409 992 2453 illusdm
1012 2431 1093 2452 uirum
1113 2430 1229 2452 eraclium
1250 2429 1312 2452 rubr.
1335 2430 1355 2452 L
1463 2429 1491 2451 15
1512 2429 1605 2451 illustri
1624 2428 1642 2451 S
1746 2428 1834 2451 eraclio
1852 2428 1873 2451 L

258 2477 285 2500 17
307 2476 401 2499 medico
416 2475 466 2504 Ls.
485 2476 575 2498 correxi
688 2478 789 2502 uegetos
803 2475 896 2503 scripsi,
919 2478 1023 2503 uegetus
1038 2473 1066 2501 L,
1090 2476 1221 2502 uegetante
1235 2472 1253 2493 S
1368 2472 1396 2495 19
1417 2476 1524 2494 maestus
1538 2479 1596 2494 uero
1609 2472 1635 2499 S,
1657 2475 1738 2494 metus
1750 2472 1806 2494 uiro
1819 2471 1840 2493 L

256 2528 310 2543 cnm
331 2520 490 2542 testinatione
510 2518 535 2547 S.
558 2518 722 2540 continatione
742 2516 761 2539 L
866 2519 995 2539 reuocatus
1014 2517 1032 2539 S
1143 2515 1174 2538 20
1195 2516 1317 2544 prutadisa
1336 2516 1388 2538 taffi
1408 2515 1427 2537 L
1450 2516 1548 2543 (correxi
1567 2513 1622 2543 sic),
1642 2514 1772 2537 Protendi:
1795 2514 1816 2536 si
1835 2517 1872 2536 ta-

257 2570 312 2586 men
333 2564 350 2585 S
455 2562 496 2584 uel
515 2561 558 2583 hoc
577 2562 660 2590 ipsum
680 2560 697 2583 S
803 2559 834 2582 22
855 2558 964 2591 Ilo-lano]
985 2561 1019 2581 sic
1038 2559 1057 2581 L
1164 2560 1255 2581 muniri
1275 2560 1366 2588 scripsi,
1388 2559 1486 2581 muneri
1506 2557 1531 2585 S.
1552 2558 1640 2580 uenire
1659 2557 1680 2580 L
1784 2557 1815 2580 23
1835 2563 1874 2579 ce-

258 2608 346 2629 ratium
367 2605 413 2629 LS.
442 2604 500 2633 fort.
521 2605 648 2626 (leretium
670 2603 717 2625 vid.
738 2609 774 2632 ep.
798 2602 935 2625 LXXXIII
956 2604 995 2625 154
1015 2603 1063 2625 S.
1092 2602 1247 2624 XXXVIIII
1268 2603 1308 2629 ‘13⁶'
1328 2602 1363 2624 S.'
1507 2602 1565 2630 quia
1584 2608 1622 2623 me
1643 2600 1677 2628 L,
1705 2601 1747 2629 qui
1766 2607 1780 2622 a
1798 2606 1837 2622 me
1857 2599 1875 2621 S

258 2649 288 2672 24
309 2647 391 2679 nobis]
410 2656 422 2670 a
442 2648 512 2670 nobis
533 2647 549 2669 S
653 2647 740 2669 asserit
760 2646 781 2668 L
886 2647 911 2668 in
930 2653 1008 2674 mary.
1029 2646 1127 2667 sinisera
1147 2653 1157 2667 r
1176 2645 1232 2667 add.
1252 2652 1291 2673 pr.
1313 2653 1344 2667 ηπ.
1367 2645 1386 2667 L
1492 2645 1592 2667 liberter
1611 2644 1631 2666 L

346 2690 517 2713 LXXXXYI:
546 2690 577 2713 si
609 2690 762 2719 Rescriptum
790 2689 889 2712 heraclii
916 2689 945 2711 ad
974 2690 1070 2711 anitum
1098 2688 1153 2717 epm
1181 2688 1246 2710 rubr.
1268 2688 1298 2716 L,
1330 2687 1487 2717 Rescriptum
1516 2687 1564 2710 uiri
1591 2687 1695 2709 illustris
1722 2686 1828 2708 Heraclii
1855 2685 1874 2708 S

260 2734 291 2757 20
311 2734 439 2756 Heraclius
458 2747 491 2749 —
510 2735 554 2762 epo
574 2733 602 2758 L,
624 2740 671 2755 om.
688 2732 705 2755 S
868 2731 898 2754 27
918 2738 967 2761 que
986 2744 1018 2747 —
1038 2738 1154 2761 responso
1174 2731 1201 2759 L,
1223 2738 1271 2760 qua
1289 2743 1321 2746 -——
1340 2731 1467 2761 responsio
1486 2730 1504 2753 S
1665 2728 1696 2752 28
1716 2732 1743 2751 ut
1763 2728 1792 2757 L,
1813 2731 1838 2750 ct
1857 2727 1875 2750 S

260 2777 291 2800 29
312 2784 385 2806 parim
405 2777 520 2806 suspiriis
541 2776 557 2798 S
661 2776 692 2797 {50
713 2776 848 2798 ascribatur
868 2774 888 2796 L
