2064 2973
242 106 282 134 52
996 99 1104 125 Avrrl

243 208 302 229 non
328 197 478 228 debeam:
510 197 642 226 t'ruetum
667 198 771 226 tamen
797 194 827 224 in
852 193 942 224 vobis
966 192 1121 224 mercedis
1146 192 1253 223 taliter
1276 191 1455 231 adquisitae
1479 201 1540 222 non
1564 194 1626 222 tam
1648 190 1753 221 verbis
1770 190 1861 220 valeo

242 258 439 288 exaggerare
463 258 555 287 (1113111
580 246 717 286 gaudiis.
763 245 845 276 Nam
870 244 931 275 nisi
954 254 1010 275 vos
1033 254 1053 275 a
1076 243 1243 284 praeconio
1267 245 1372 274 vestro
1395 242 1575 273 maturitate
1599 241 1758 272 senatoria
1781 244 1860 272 tem—

243 299 433 340 peratissimi
458 298 594 339 pudores
619 297 818 335 cohiberent,
854 296 1001 327 effectum
1026 295 1206 327 certaminis
1229 293 1358 334 gloriosi
1382 293 1453 334 ipsa
1477 293 1608 324 forsitan
1632 292 1742 332 lingua
1765 292 1861 331 digne

242 350 388 381 laudaret
409 349 495 390 apud
520 348 673 389 proprios,
700 357 782 387 quae
805 346 995 378 mirabiliter
1011 345 1168 377 convincit
1183 345 1347 377 adversos.
1388 343 1552 375 HabuistiS
1568 343 1676 383 igitur,
1703 346 1737 374 ut
1752 343 1856 381 audio,

242 412 312 432 eum
336 411 411 441 rege
434 402 620 437 tractatum,
654 398 694 430 de
724 408 803 438 quo,
837 401 990 438 quantum
1019 396 1171 438 comperi,
1208 396 1282 436 quia
1312 406 1373 426 non
1406 394 1662 433 sedueebamini,
1697 393 1861 425 liminibus

244 451 402 484 transistis
425 451 466 482 ad
491 450 657 491 proelium.
706 449 894 480 Discussum
923 452 971 480 est
993 452 1070 479 nutu
1095 447 1219 485 divino,
1254 446 1308 487 qui
1339 446 1437 478 caelis
1467 446 1586 477 dudum
1617 449 1710 477 notus
1739 445 1802 476 iam
1832 448 1864 477 et

245 503 425 534 hominibus
449 504 617 542 appareret
640 501 803 541 religionis
827 500 980 532 adsertor.
1030 499 1073 531 Os
1105 499 1279 530 saecularis
1310 497 1511 538 eloquentiae
1541 497 1666 538 pompis
1695 497 1863 529 adsuetum

245 559 277 587 et
300 554 427 586 fluentis
452 553 687 584 exundantibus
711 552 885 584 Romuleae
908 551 1134 593 profunditatis
1157 550 1309 590 irriguum
1333 549 1497 581 alacritate
1521 549 1628 580 debita
1651 549 1781 580 missam
1805 549 1864 580 sibi

245 606 284 638 de
315 605 460 646 supernis
492 603 658 636 materiam
690 603 808 643 dignae
839 602 1062 644 disputationis
1093 601 1241 642 arripuit:
1278 600 1429 633 facundia
1458 611 1529 632 eum
1559 600 1703 632 interfuit
1732 600 1864 632 3111110-

246 657 404 689 scribendi
436 655 544 687 mundi
574 654 825 686 iucunditatibus
856 657 911 685 aut
941 653 1098 693 regalium
1128 653 1355 694 triumphorum
1387 651 1582 693 praeconiis,
1616 655 1779 692 patronam
1811 652 1863 683 ubi

248 709 381 751 primum
406 708 516 739 melior
539 717 613 748 pars
636 706 790 747 poposcit,
817 705 1033 737 adstruendae
1050 704 1177 735 veritati
1202 714 1263 735 non
1287 703 1405 735 servire
1429 714 1490 734 non
1514 703 1625 744 potuit.
1674 703 1762 734 Sicut
1784 703 1865 734 alias

248 760 408 792 laudando
425 770 533 799 regem
550 758 734 790 reddidistis
751 757 891 795 Caesari,
921 757 1004 796 quod
1021 756 1169 787 Caesaris
1185 759 1262 795 erat,
1289 755 1334 786 ita
1351 755 1411 786 hic.
1440 758 1473 786 ut
1489 754 1664 785 redderetis
1688 754 1758 793 deo,
1785 765 1867 793 quae

248 813 299 844 1101
324 814 414 851 sunt,
441 821 500 842 1100
523 809 654 841 Caesari
678 809 878 850 pepercistis.
927 808 1126 849 Quapropter
1148 807 1245 838 habet
1268 807 1319 838 hie
1342 806 1374 837 in
1396 806 1502 845 vobis,
1535 806 1595 838 etsi
1618 817 1681 837 non
1704 810 1864 846 sequatur,

250 868 389 905 potestas
413 862 511 902 regia,
539 861 623 901 quod
647 861 786 899 miretur,
814 870 896 900 quae
920 870 953 891 se
977 859 1167 899 aliquotiens
1192 858 1445 890 declamantibus
1468 857 1559 888 vobis
1582 867 1665 888 nune
1688 857 1867 888 evidentius

247 915 343 946 sentit
365 917 520 945 ornatam.
569 912 734 952 Siquidem
765 922 823 943 nee
847 911 927 943 seire
951 921 1007 942 vos
1031 909 1263 942 adsentationis
1286 910 1488 948 illecebram,
1523 919 1592 940 011111
1617 918 1667 940 res
1691 908 1864 948 admonuit,

247 967 341 998 etiam
366 964 543 997 resistendo
567 964 777 995 monstrastis.
824 963 901 994 Illos
924 963 1021 1002 igitur
1043 962 1174 993 denotat
1197 961 1355 1002 sapientia
1386 963 1578 1001 potestatum
1602 960 1697 991 facile
1720 959 1868 990 humanis

249 1018 341 1049 tidem
374 1026 467 1058 posse
498 1019 635 1053 mutare,
671 1024 751 1055 quos
780 1013 896 1046 divinis
926 1014 1035 1045 vident
1065 1017 1191 1044 terrena
1222 1022 1427 1053 praeponere.
1477 1012 1623 1043 Ceterum
1657 1011 1805 1051 cognosci
1836 1011 1868 1041 111

250 1072 395 1110 promptu
420 1072 478 1107 est,
506 1067 668 1098 custodem
693 1066 865 1107 primarum
889 1065 1025 1106 partium
1051 1064 1145 1095 etiam
1169 1074 1251 1104 (111110
1275 1066 1348 1094 sunt
1365 1063 1504 1096 residua.
1532 1066 1740 1094 servaturum.
1782 1063 1869 1093 Haec

250 1121 346 1160 igitur
369 1119 455 1151 dicta
479 1119 554 1153 sint,
591 1128 662 1149 eum
693 1117 732 1148 de
763 1116 919 1148 saeculari
945 1119 1035 1157 1111110
1059 1118 1244 1147 tractamus.
1292 1115 1324 1145 si
1349 1125 1423 1146 vero
1453 1113 1494 1145 ad
1518 1114 1716 1145 sacerdotum
1741 1124 1869 1144 eausam

251 1172 391 1203 venitur.
426 1181 556 1211 quorum
587 1169 691 1200 adhue
721 1179 782 1199 non
813 1168 939 1208 augetis
967 1167 1085 1199 scolam
1114 1171 1145 1198 et
1167 1166 1231 1198 iam
1256 1166 1419 1198 sustinetis
1442 1166 1589 1197 iniuriam
1613 1169 1708 1205 atque
1731 1164 1869 1196 ornaturi

250 1222 453 1255 contubernio
478 1221 564 1263 prius
587 1221 763 1251 informatis
787 1220 950 1260 exemplo:
977 1219 1048 1258 quis
1071 1218 1181 1249 horum
1205 1228 1278 1250 vos.
1306 1217 1393 1258 quis,
1420 1217 1567 1257 inquam,
1596 1217 1717 1248 neseiat
1739 1217 1780 1248 ad
1804 1227 1872 1248 eer-

252 1279 356 1306 tamen
381 1274 473 1305 huius
497 1272 650 1314 spiritalis
673 1272 854 1313 palaestrae
879 1281 940 1301 non
965 1270 1060 1301 rudes
1084 1273 1138 1301 aut
1161 1269 1289 1310 ignaros
1307 1269 1397 1309 legis,
1426 1268 1483 1300 sed
1500 1269 1557 1300 sub
1573 1268 1668 1308 longo
1685 1267 1871 1299 salutarium

254 1326 493 1358 meditationum
517 1323 685 1365 gymnasio
709 1323 893 1364 pervenisse
903 1326 915 1352 1'
961 1321 1117 1359 Quocirca
1141 1331 1256 1352 novum
1273 1320 1314 1351 sit
1336 1320 1409 1351 aliis
1432 1320 1654 1351 necessitatem
1679 1319 1755 1350 belli
1780 1319 1873 1350 huius

254 1389 273 1409 a
297 1377 490 1419 perfectione
515 1386 570 1407 vos
594 1374 718 1406 virtutis
742 1374 854 1406 ordiri:
891 1384 950 1413 ego
974 1376 1098 1406 autem.
1133 1373 1163 1403 in
1195 1372 1284 1403 cuius
1313 1372 1418 1403 animo
1449 1372 1591 1403 caritatis
1618 1381 1722 1402 arcem
1746 1370 1871 1410 tenetis,

257 1431 318 1461 iam
344 1429 463 1460 dudum
487 1428 706 1458 incunctanter
736 1436 929 1466 agnoveram
953 1425 994 1456 ad
1019 1425 1190 1456 catholicos
1215 1434 1328 1455 sensus
1350 1422 1518 1455 intuendos
1543 1434 1599 1464 per
1622 1422 1760 1454 studium
1784 1426 1875 1454 tuen·
1896 1432 1907 1450 -1

255 1482 374 1520 dosque
399 1490 454 1521 per
477 1479 606 1510 verbum
631 1478 762 1518 probato
785 1477 817 1508 in
840 1476 930 1508 vobis
954 1476 1131 1508 devotionis
1155 1476 1267 1506 ardore
1292 1486 1352 1506 non
1376 1478 1439 1505 tam
1464 1474 1624 1506 desideria
1644 1474 1757 1505 deesse
1780 1484 1873 1514 quam

255 1537 406 1573 tempora.
449 1534 520 1569 Qua
543 1533 669 1571 propter
693 1529 847 1560 famulatu
873 1527 1072 1559 salutationis
1089 1528 1205 1565 oblato,
1234 1530 1336 1567 pastu.
1366 1537 1426 1566 quo
1450 1530 1586 1557 mentem
1612 1530 1747 1557 vestram
1772 1525 1875 1556 ieiuno

255 1594 384 1625 corpore
408 1582 569 1618 satiastis,
604 1581 788 1621 significans
812 1580 906 1611 etiam
932 1590 981 1610 1110
1013 1579 1181 1610 refectum.
1217 1579 1300 1609 unde
1332 1578 1420 1609 vobis
1449 1578 1586 1618 paucula
1616 1577 1694 1608 haee
1726 1576 1875 1607 saturitas

256 1646 344 1667 meae
369 1633 590 1675 gratulationis
614 1635 752 1671 eructat,
780 1631 889 1669 deum,
917 1631 999 1671 quod
1024 1634 1131 1662 restat.
1159 1640 1314 1670 exposco.
1342 1632 1384 1665 ut,
1412 1629 1461 1660 eui
1486 1628 1713 1670 praedicatoris
1736 1627 1874 1659 osticium

256 1688 317 1718 iam
350 1685 516 1727 imposuit.
551 1685 699 1715 honorem
728 1683 909 1723 subiungat.
958 1682 1049 1720 Quod
1081 1681 1236 1713 exercetis
1265 1684 1355 1713 actu.
1390 1680 1576 1711 ostendatur
1599 1679 1780 1712 011111111111;
1815 1690 1875 1710 non

257 1738 390 1769 docilem
421 1737 479 1769 sed
511 1737 653 1774 doctum,
689 1745 747 1766 nee
777 1735 951 1766 discentem
983 1734 1038 1765 sed
1069 1734 1227 1765 doctorem
1259 1732 1410 1763 cathedra
1434 1732 1599 1772 suscipiat.
1648 1732 1682 1762 In
1706 1742 1768 1771 (1113
1790 1731 1877 1762 velut

259 1789 477 1831 triumphatori
508 1787 678 1828 conspicuo
710 1786 804 1818 sertis
835 1786 963 1817 laureae
995 1785 1130 1817 victricis
1160 1789 1216 1816 aut
1238 1788 1355 1825 myrto.
1390 1784 1470 1815 inter
1499 1783 1735 1815 adelamantum
1760 1783 1877 1823 gaudio

260 1851 414 1872 consonas
439 1850 541 1878 voces,
570 1842 747 1879 quantus
771 1837 808 1868 in
834 1837 1010 1878 clipeum
1035 1837 1132 1867 adsu
1144 1846 1255 1876 111-110Δ
1289 1836 1385 1867 etiam
1409 1835 1521 1866 nolens
1544 1835 1756 1876 adstipuletur
1780 1835 1877 1866 hostis

259 1896 425 1933 expertus,
459 1901 630 1930 numquam
662 1890 863 1927 inventurus,
898 1889 981 1928 quod
1011 1888 1050 1919 de
1074 1888 1227 1927 qualitate
1253 1887 1354 1918 meriti
1382 1886 1590 1918 contradicat.
1625 1887 1681 1917 sed
1713 1886 1877 1917 habiturus

260 1954 385 1984 semper
409 1943 448 1974 de
472 1942 581 1983 proelii
606 1940 843 1981 inaequalitate,
871 1940 953 1980 quod
978 1939 1098 1971 timeat.

352 2040 379 2062 12·
400 2036 495 2062 111-111111.
518 2038 559 2063 22,
581 2037 621 2060 21.
730 2038 760 2058 1325
782 2034 864 2066 Yerg⁴
886 2033 957 2059 Aen.
980 2033 1019 2059 Xl
1038 2036 1086 2057 lsi}
1101 2043 1141 2066 sq.

1839 2140 1865 2152 lul

347 2169 361 2191 2
381 2167 602 2197 temperantissimi
624 2166 642 2187 L
757 2167 770 2187 3
792 2165 896 2194 pudores
918 2165 944 2191 L,
967 2164 1066 2193 pudoris
1086 2165 1168 2185 tractui
1188 2164 1205 2182 N
1319 2164 1392 2188 diunt>
1412 2163 1437 2186 S,
1460 2162 1533 2189 digna
1553 2161 1571 2182 L
1687 2162 1700 2183 ἶ)
1720 2162 1879 2186 mulnet-bauti

262 2212 390 2234 liminibus
411 2211 438 2239 L,
460 2217 486 2233 se
505 2210 628 2232 dut-ebant
648 2209 746 2230 lenibus
765 2208 782 2227 N
931 2207 945 2229 tj
965 2207 1092 2229 discussus
1113 2207 1130 2225 N
1279 2206 1290 2227 Τ
1311 2209 1414 2227 assertor
1435 2205 1453 2226 L
1594 2212 1693 2233 pompos
1713 2207 1838 2226 assuetum
1860 2204 1879 2225 L

262 2256 276 2274 8
296 2256 386 2281 irriguo
405 2253 422 2273 S
552 2253 566 2274 ¹.)
587 2251 702 2274 facundia
721 2258 775 2273 rum
797 2251 823 2275 L,
846 2254 869 2273 et
891 2250 1029 2273 facundiam
1050 2257 1113 2278 (111111-
1132 2256 1187 2271 rum
1208 2249 1225 2267 S
1352 2248 1378 2269 lo
1399 2248 1592 2270 iominditatihus
1613 2247 1631 2268 L
1754 2249 1879 2276 patronam

260 2299 352 2326 scripsi,
385 2297 534 2325 patrm-inam
557 2296 583 2324 L,
615 2295 811 2324 patrocinabatur
830 2293 848 2316 S
990 2292 1015 2315 ll
1038 2293 1185 2314 astruendae
1208 2292 1225 2313 L
1366 2298 1412 2312 non
1434 2291 1526 2312 seruire
1546 2291 1645 2318 scripsi,
1676 2297 1723 2311 non
1743 2297 1790 2312 (1111,
1810 2289 1847 2310 LS

262 2341 342 2370 potuit
364 2340 391 2368 L,
414 2340 501 2368 puduit
522 2340 539 2361 S
662 2338 725 2359 sieut
746 2337 774 2363 L,
797 2337 882 2365 ltaque
902 2337 967 2358 sicut
987 2336 1004 2355 N
1129 2335 1156 2357 154
1174 2335 1332 2364 pepercistis:
1357 2341 1385 2362 pe
1405 2341 1432 2355 er
1451 2336 1480 2366 111
1500 2334 1534 2355 rel
1552 2340 1583 2365 pr
1600 2340 1638 2361 pr.
1660 2341 1678 2355 ι·.
1705 2333 1721 2354 L
1844 2340 1881 2353 st*-

262 2385 347 2413 ‹ptitur
367 2384 384 2403 N
521 2381 547 2404 tt
570 2384 677 2403 moretur
697 2381 716 2403 L
851 2379 878 2402 lz')
899 2387 943 2402 nec
963 2379 1024 2401 seire
1046 2379 1072 2406 L,
1096 2379 1191 2400 nost-ire
1212 2378 1229 2399 S
1349 2377 1526 2399 assentacionis
1546 2376 1565 2398 L
1701 2375 1728 2398 to
1747 2376 1846 2398 denotet
1866 2376 1883 2395 N

267 2427 293 2449 [U
314 2430 372 2448 suut
391 2426 408 2446 N
522 2426 553 2447 ’.Ὀ
573 2426 597 2446 et
618 2425 664 2446 iani
685 2423 713 2447 L.
734 2431 781 2445 otu.
797 2423 815 2445 S
928 2422 1037 2444 ornaturi
1058 2422 1149 2450 scripsi,
1172 2424 1284 2443 ornatum
1309 2421 1335 2444 L.
1357 2420 1490 2442 ornandam
1511 2419 1528 2441 S
1642 2418 1673 2441 ’,Η
1695 2426 1737 2441 uos
1756 2421 1811 2440 unte
1831 2420 1880 2440 uir-

263 2471 325 2492 tutis
344 2471 449 2498 prm'luut
469 2470 494 2491 in
515 2469 541 2495 L,
562 2470 615 2496 post
634 2468 665 2490 23
685 2467 739 2489 aliis
759 2468 784 2489 in
804 2466 821 2487 S
925 2465 957 2488 213
977 2465 1055 2487 ardori
1076 2465 1093 2485 S
1198 2463 1228 2485 27
1250 2464 1406 2485 salutationis
1426 2462 1451 2490 S,
1475 2463 1642 2485 famulationis
1663 2462 1681 2484 L
1787 2462 1818 2484 ’.ξδ’
1839 2469 1881 2483 uo-

264 2514 299 2534 bis
319 2520 365 2534 mnu.
383 2512 400 2531 N
539 2511 675 2533 saturitatis
696 2517 763 2532 1110110
783 2510 916 2538 gratulatio
935 2508 952 2530 S
1091 2507 1122 2529 21)
1143 2507 1215 2529 deum
1237 2507 1261 2531 S,
1284 2507 1341 2528 dum
1367 2507 1383 2528 L
1523 2508 1614 2528 restat:
1637 2507 1659 2527 st
1677 2512 1704 2526 ew
1723 2508 1744 2527 ct
1763 2512 1801 2533 pr.
1819 2512 1840 2526 ι’.
1864 2504 1881 2525 L

265 2557 296 2576 litt
317 2556 406 2578 honore
429 2555 445 2577 L
568 2554 630 2583 qnod
651 2553 680 2578 L,
708 2556 732 2575 et
751 2552 814 2581 quod
834 2552 852 2571 N
973 2554 1102 2573 exeret-tur
1122 2551 1139 2569 N
1261 2556 1307 2571 non
1331 2550 1357 2573 l..
1380 2557 1423 2571 111-ι·
1444 2551 1461 2569 Ν
1583 2549 1613 2571 212
1635 2547 1811 2577 triumphatore
1831 2549 1848 2567 N

268 2599 362 2620 laureae
383 2598 492 2620 (11111111ς
513 2600 553 2619 aut
576 2600 652 2624 m>rto
665 2598 758 2624 sei-ipsi,
781 2596 870 2623 gloriae
891 2595 998 2617 uictricis
1017 2592 1134 2623 alithtrjtn
1152 2593 1177 2617 L,
1200 2593 1289 2619 gloriae
1310 2594 1419 2615 uictricis
1438 2593 1538 2615 euinvto
1551 2593 1568 2614 S
1672 2591 1848 2613 aet-laniantum
1866 2591 1882 2612 L

266 2643 296 2664 35⁵
317 2649 429 2670 assurgas
450 2641 477 2664 L.
500 2648 612 2669 assurgis
632 2640 649 2661 S

1889 660 1915 678 lo

1890 917 1918 936 15

1892 1174 1920 1193 ’,ΞΟ

1897 1690 1925 1705 :to
